2336 3700
672 513 1429 585 HERACLITVs

145 645 232 781 S
252 720 285 764 E
302 715 343 765 se
358 715 481 765 offert
496 719 651 764 iterum
667 715 907 763 Heraclitus
922 715 1086 781 lugens,
1100 713 1285 764 obuerfis
1296 719 1340 764 in
1354 718 1507 766 terram
1521 717 1669 772 oeulis,
1682 717 1956 784 baculoun

147 789 317 834 innixus
331 820 341 831 .
383 788 467 834 Hic
482 785 609 851 porro
624 800 775 831 omnes
791 801 854 831 res
868 785 1074 831 humanas
1092 784 1372 841 calamitosas,
1385 795 1427 833 δε
1443 785 1656 834 deflendas
1670 787 1930 836 existimabat
1942 821 1955 843 ‚

142 859 379 920 omniaque
395 855 585 910 sursum,
613 872 660 900 ac
690 852 889 901 deorsum
907 854 1004 901 ferri
1017 872 1091 919 per
1106 855 1246 910 vices,
1276 857 1517 921 mutarique
1533 855 1712 903 fortunae
1747 856 1954 905 ludibrio.

145 929 214 973 Sic
231 928 275 972 in
292 927 533 990 plorantem
551 955 564 978 ,
591 941 638 970 ac
667 925 807 969 nimio
833 925 946 970 luctu
964 940 1189 989 nunquam
1204 926 1227 969 a
1241 924 1471 991 lachrymis
1495 939 1808 990 temperantem
1827 956 1840 978 ‚
1869 929 1957 990 epi-

141 1009 379 1059 grammate
393 994 592 1048 lufimu5‚
622 991 742 1058 quod
769 996 916 1040 omnia
947 1011 997 1040 ex
1023 994 1134 1060 ignis
1171 995 1383 1060 principio
1416 995 1637 1050 constare,
1668 997 1712 1043 in
1737 1012 1957 1061 eumque„

143 1063 298 1111 resolui
312 1062 540 1110 affirmaret
562 1096 574 1107 .

208 1132 343 1196 §aid
368 1133 430 1180 mi
448 1130 686 1197 eramfletu
704 1132 921 1179 comitaris
938 1132 1155 1180 Heraclite
1184 1135 1328 1183 vitam
1354 1136 1370 1183 ἓ.

250 1192 472 1251 sFletibus
508 1201 680 1265 afficiatis
694 1215 858 1267 parcere
887 1200 992 1267 diſse
1022 1203 1139 1258 tui53

212 1272 269 1320 N
274 1272 294 1319 ὲ
308 1271 530 1337 lachrymis
557 1272 664 1333 ignes
694 1272 918 1333 extinguas
936 1302 948 1324 ‚
965 1271 1136 1336 flemina
1169 1290 1311 1321 rerum
1329 1305 1343 1328 2

279 1341 441 1404 Etfine
462 1341 669 1407 principio
685 1339 839 1388 cuneta
855 1352 1012 1405 repente
1027 1340 1201 1390 cadant.

638 1557 1457 1624 HIPPOCRATES.

139 1679 328 1812 VT
356 1751 600 1796 Homerum
623 1747 723 1808 Chij
755 1778 769 1802 ,
792 1749 1086 1814 Pythagoram
1114 1749 1244 1810 Samij
1260 1781 1275 1804 ,
1308 1748 1535 1797 Architarn
1563 1749 1813 1806 Tarentini,
1845 1755 1957 1801 Ara-

135 1826 292 1871 mum&
312 1818 604 1885 Chrysippum
622 1816 1145 1873 Solenses,Archimedem
1160 1819 1653 1887 Syracusani‚Euclidem
1669 1824 1958 1886 Megarenses,

139 1889 316 1952 aliaeque
344 1889 479 1934 Vrbes
495 1887 591 1934 suos
604 1887 715 1934 ciues
739 1885 931 1934 doctrina
946 1887 1200 1944 nobiles,in
1218 1890 1436 1942 nummis,
1461 1903 1668 1954 tanquam
1699 1892 1741 1936 in
1773 1891 1955 1956 publicis

137 1959 434 2004 monumentis
459 1956 658 2022 posuere:
689 1955 742 2002 sic
764 1958 916 2021 pariter
928 1959 1015 2004 Coi
1041 1956 1320 2006 Medicorum
1338 1959 1546 2021 Principis
1559 1960 1833 2022 Hippocratis
1850 1963 1956 2008 ima-

136 2030 286 2091 ginem
312 2042 380 2087 ere
404 2027 577 2091 publico
593 2025 757 2091 signato
773 2024 1066 2089 exprefferunt,
1079 2025 1291 2092 adscripto
1306 2029 1484 2074 nomine
1497 2031 1954 2084 ΙΠΠΟΚΡΑΤΗΣ

137 2121 272 2168 quam
288 2103 355 2151 hic
380 2105 432 2151 ad
460 2103 785 2151 similitudinem
807 2102 959 2150 damus
977 2137 988 2148 .
1023 2107 1073 2150 In
1089 2104 1245 2169 postica
1264 2107 1355 2152 aeris
1384 2104 1455 2151 seu
1472 2109 1640 2154 nummi
1655 2122 1771 2171 parte
1795 2109 1955 2157 Aescu-

134 2172 235 2237 lapij
253 2174 450 2220 Sanitatis
470 2174 656 2221 Praesidis
671 2173 843 2220 baculus
854 2173 1044 2238 serpente
1060 2173 1293 2220 obuolutus
1309 2172 1539 2237 insculptus
1551 2176 1636 2228 est,
1653 2193 1783 2240 quem
1806 2182 1954 2226 Deum

137 2244 226 2287 Coi
245 2243 465 2290 tutelarem
495 2242 832 2291 venerabantur.
878 2246 1040 2290 Narrat
1067 2241 1220 2290 Strabo
1249 2244 1295 2289 in
1309 2242 1518 2290 suburbio
1553 2244 1681 2293 Vrbis
1699 2249 1803 2293 Coae
1834 2247 1952 2295 fuisse

137 2309 382 2376 Aesculapij
414 2344 429 2368 ,
452 2330 500 2359 ac
523 2314 701 2360 Veneris
731 2312 1061 2378 Anadyomenis
1086 2311 1194 2359 aedes
1219 2342 1235 2366 2
1263 2327 1392 2378 atque
1420 2314 1734 2378 Hippocratem
1769 2319 1955 2366 maxime

136 2379 160 2427 ὲ
177 2379 378 2428 dedicatis
405 2381 695 2430 curationibus
716 2381 777 2427 ibi
800 2382 1020 2430 exercuiffe
1048 2399 1122 2435 ea,
1155 2398 1248 2446 quae
1277 2381 1330 2428 ad
1355 2383 1491 2429 vidtus
1516 2384 1727 2431 rationem
1744 2384 1954 2449 spectant.

135 2450 222 2496 Hic
246 2466 451 2499 nummus
482 2453 588 2499 olim
615 2450 727 2517 apud
753 2452 954 2498 Fuluium
982 2450 1182 2498 Vrfinum
1208 2451 1421 2500 visebatur
1449 2452 1691 2500 cumincisa
1706 2456 1952 2509 Corniola-‚s

136 2518 266 2583 ipsius
294 2522 568 2588 Hippocratis
592 2522 829 2587 imaginem
844 2521 1060 2587 palliatam
1075 2518 1307 2578 referente,
1333 2534 1380 2569 vt
1393 2521 1525 2570 Faber
1537 2536 1680 2589 notatg

716 2703 1030 2768 IVBA
1107 2703 1373 2768 REX.

137 2787 334 2919 IVBA
358 2859 501 2906 iunior
515 2861 783 2909 Mauritaniae
800 2865 896 2910 Rex
907 2892 922 2917 ,
949 2880 1049 2910 cum
1060 2862 1166 2910 Iuba
1177 2877 1295 2928 patre
1307 2862 1506 2910 aduersus
1525 2862 1738 2911 Caesarem
1764 2864 1952 2916 bellum..

141 2939 312 2988 gerente
327 2957 342 2981 ‚
368 2945 472 2992 puer
487 2929 624 2978 adhuc
639 2934 682 2978 in
702 2933 950 2998 Aphricano
964 2932 1187 2998 triumpho
1206 2936 1400 2980 Romam
1412 2931 1562 2979 ductus
1578 2932 1658 2980 fuit
1676 2967 1687 2977 .
1710 2936 1827 2981 Felix
1840 2935 1951 2994 sane,

145 3009 193 3041 vt
207 2996 346 3060 inquit
360 2998 610 3048 Plutarchus
628 3032 643 3055 ‚
668 3005 756 3050 eius
772 3003 1016 3068 captiuita83
1045 3019 1148 3049 narn
1160 3019 1210 3048 ex
1225 3001 1413 3049 Barbaro
1430 3019 1477 3049 ac
1492 3001 1693 3050 Numida
1711 3005 1818 3051 inter
1831 3009 1952 3053 Grae-

144 3081 293 3113 corum
307 3065 560 3134 scriptorum
573 3069 842 3122 doctiffimos
859 3071 1027 3120 habitus
1042 3071 1123 3119 fuit
1134 3104 1146 3116 .
1169 3071 1462 3138 Philosophia,
1477 3090 1524 3120 ac
1536 3071 1771 3122 studiorum
1788 3075 1948 3124 clarita-

1097 3145 1139 3189 C
1736 3157 1776 3189 te
1792 3160 1882 3190 me-
