2336 3700
418 319 497 380 16

314 426 471 474 scimus
488 437 538 467 ex
553 412 792 467 Theocrito
810 447 823 471 ,
857 434 905 464 ac
942 416 1154 483 Virgilio,
1182 414 1296 482 apud
1315 431 1448 482 quem
1462 412 1684 465 Menalcas
1706 413 1759 463 de
1776 430 1904 464 cantu
1926 434 2025 466 cum
2056 420 2150 468 Da-

314 508 429 542 meta
443 487 730 542 contendens,
751 487 957 552 poculum
971 489 1096 551 ponit
1112 486 1332 552 fiigineum
1351 486 1498 534 diuini
1520 499 1624 552 opus
1653 486 1959 535 Alcimedontis
1992 522 2003 532 .
2041 493 2148 537 Cra-

321 578 430 611 teres
444 558 756 625 etiam,phialas
768 588 782 610 ,
802 565 845 604 Sc
863 558 1171 622 pocula,prima
1187 565 1229 604 ὃς
1246 555 1428 604 secunda
1444 554 1650 622 praemiai
1666 556 1834 602 Baccho
1851 554 1971 603 fuisse
1991 559 2145 607 consti-

317 647 409 681 tuta
434 633 479 676 in
510 628 657 676 funere
685 627 888 692 Opheltis
913 626 1038 673 refert
1055 629 1249 674 Nonnus
1265 628 1308 673 in
1323 626 1596 693 Dionyfiacis
1613 659 1623 670 .
1640 628 1781 673 Huius
1797 628 2030 674 Graecanici
2048 646 2144 675 mo-

322 705 378 752 ris
392 702 609 748 Romanis
624 697 733 744 ludis
747 697 960 760 exemplar
976 696 1146 743 testatur
1160 697 1352 744 Neronis
1380 704 1588 743 nummus
1604 696 1657 743 de
1672 695 1794 743 sacris
1823 698 2145 744 Certaminibus

321 772 345 819 a
366 771 407 818 se
423 774 578 817 Romae
595 766 847 819 constitutiS,
861 768 905 811 in
922 783 1014 830 quo
1030 765 1252 812 exhibetur
1267 766 1414 813 mensa
1431 765 1634 830 phialam,
1650 765 1720 813 seu
1732 780 1950 820 craterem,
1967 774 2010 814 δε
2023 785 2148 813 coro-

320 857 426 888 nam
453 838 659 885 sustinens
688 852 789 882 cum
815 834 1043 900 epigraphe
1083 837 1317 883 CERTA.
1341 839 1382 883 S.
1403 838 1830 904 QVINQ‘ROM.
1863 838 1965 883 CO.
2003 838 2153 884 Certa-

321 911 444 957 mina
457 909 588 974 μενοι
618 904 960 970 quinquennalia
989 906 1133 951 Romae
1150 904 1345 951 condita.
1382 909 1502 952 Cum
1532 921 1676 952 autem
1717 908 1843 952 Nero
1868 904 2074 960 Muficae,
2102 923 2151 952 ac

317 979 503 1027 Poeticae
520 979 565 1024 in
577 975 696 1023 scena
711 975 897 1040 gloriam
912 974 989 1021 fibi
1004 973 1299 1040 auspicaretur,
1311 989 1460 1040 prcetcr
1477 992 1701 1030 coronam,
1722 992 1898 1021 aureum
1915 990 2146 1024 craterem..

319 1046 572 1114 proposuit,
585 1046 659 1110 qui
678 1045 721 1091 in
745 1043 889 1090 mensa
908 1043 1099 1110 depic‘tus
1123 1043 1180 1092 est
1195 1077 1206 1088 .
1221 1048 1371 1093 Crater
1385 1044 1543 1092 veroin
1558 1044 1696 1091 nostra
1709 1044 1851 1091 tabula
1871 1043 2078 1108 expressus
2097 1063 2148 1092 ex

321 1117 526 1183 Cymbiae
542 1115 684 1162 forma
706 1113 953 1179 Cymbiurn
966 1111 1043 1159 effe
1061 1113 1230 1162 videtur
1247 1133 1260 1170 3
1279 1131 1380 1161 nam
1397 1116 1504 1161 inter
1518 1115 1652 1161 varias
1667 1113 1966 1179 Cymbiorum
1996 1114 2152 1162 descri-

324 1189 492 1255 ptiones
512 1185 757 1234 Athenaeus
780 1200 830 1229 ex
846 1183 1054 1249 Didymo
1068 1185 1370 1231 Grammatico
1390 1183 1642 1250 Cymbium
1672 1183 1798 1230 refert
1814 1200 1886 1231 vas
1904 1181 1982 1232 effe
1999 1184 2157 1230 oblon-

323 1274 431 1325 gum
445 1287 459 1310 ,
484 1255 625 1302 forma
640 1252 867 1319 angustum
884 1284 898 1307 ,
918 1262 960 1300 δι’
977 1254 1076 1299 naui
1089 1253 1359 1302 simillimum
1377 1254 1431 1300 ab
1449 1254 1530 1300 hoc
1547 1271 1637 1300 non
1656 1251 1897 1301 admodum
1927 1252 2127 1304 differens
2144 1285 2155 1296 .

393 1330 599 1373 Praeterea
629 1326 674 1369 in
705 1322 845 1370 nostra
873 1322 1019 1369 tabula
1044 1323 1259 1388 appofitus
1276 1323 1333 1371 est
1351 1324 1478 1390 virgce
1502 1325 1649 1371 titulus
1668 1354 1682 1377 ,
1708 1331 1751 1370 &
1767 1323 1992 1379 volumen,
2007 1324 2052 1371 in
2068 1339 2160 1388 quo

324 1396 530 1443 Auctoris
560 1425 575 1449 ,
613 1401 658 1441 δε
699 1391 855 1440 fabula:
897 1409 1060 1440 nomen
1093 1392 1399 1441 inscribebatur
1427 1424 1442 1448 ,
1480 1392 1568 1458 quo
1606 1393 1808 1440 attentior
1836 1391 1934 1439 esset
1974 1392 2162 1459 populus

326 1467 380 1514 ad
407 1461 713 1530 spectandum,
744 1479 874 1517 nam,
897 1477 945 1510 vt
974 1460 1160 1510 aduertit
1174 1463 1360 1528 Scaliger
1372 1465 1567 1510 Poetices
1587 1462 1923 1529 primo,titulus
1948 1479 2036 1509 non
2061 1478 2163 1527 pro—

326 1533 607 1583 nunciabatur
634 1531 803 1579 tantum
822 1531 971 1586 abeo,
1001 1533 1075 1596 qui
1095 1531 1251 1578 modos
1269 1531 1476 1585 faciebat,
1495 1532 1566 1579 scd
1600 1534 1731 1578 etiam
1762 1532 2087 1596 proponebatur
2117 1531 2163 1578 in

325 1602 560 1654 Proscenio
573 1616 879 1666 argumentum
892 1601 1112 1649 subtitulo
1143 1601 1444 1667 grandioribus
1472 1601 1620 1649 litteris
1651 1601 1939 1666 descriptum.

397 1677 432 1720 E
446 1670 674 1736 conspestu
690 1671 792 1718 vero
815 1671 939 1718 huius
959 1673 1101 1720 Poeta:
1120 1672 1263 1719 stantis
1285 1702 1300 1726 ,
1318 1672 1422 1719 alter
1450 1686 1548 1718 ante
1577 1670 1771 1717 mensam
1799 1669 1942 1726 sedet,
1969 1671 2175 1719 nudata-2.

326 1742 534 1808 superiori
562 1741 754 1801 corporis
785 1754 904 1800 parte
919 1771 933 1791 ,
948 1742 1165 1800 pallioque
1185 1739 1237 1788 ad
1259 1758 1379 1788 crura
1401 1739 1596 1795 demissb,
1628 1756 1761 1787 manu
1779 1754 1926 1787 tenens
1960 1742 2122 1788 laruam
2141 1741 2164 1787 ὲ

327 1810 475 1859 mensa
496 1807 758 1861 detradlam,
784 1822 918 1870 quam
934 1806 1147 1853 intuetur.
1185 1809 1320 1869 Super
1337 1806 1483 1853 mensa
1501 1807 1645 1871 posita:
1675 1807 1773 1854 sunt
1796 1808 1887 1855 aliae
1919 1807 2010 1857 dua:
2041 1813 2166 1859 larum

330 1898 431 1930 cum
447 1876 573 1925 fascia
589 1907 602 1931 ,
619 1874 689 1922 seu
703 1875 928 1922 volumine
953 1908 964 1918 .
1003 1873 1076 1921 Ad
1102 1876 1213 1922 hunc
1232 1874 1509 1922 Comoedum
1536 1875 1766 1924 ficlaruam
1793 1880 2032 1928 intuentem
2060 1878 2163 1928 facit

329 1948 459 2008 Plinij
475 1948 595 1994 locus
612 1943 665 1992 de
687 1947 843 1992 Marco
873 1942 1015 1992 Ofilio
1043 1946 1197 1991 Hilaro
1214 1947 1550 1992 Comoediarum
1576 1946 1822 2002 Histrione,
1857 1950 1932 2012 qui
1961 1965 2059 1996 cum
2090 1967 2171 2015 po-

331 2020 439 2086 pulo
468 2013 710 2063 admodum
739 2012 955 2079 placuiffet
969 2045 982 2068 ,
1015 2012 1082 2061 die
1113 2013 1240 2060 natali
1265 2012 1343 2061 suo
1360 2045 1373 2069 ,
1404 2016 1611 2061 conuiuio
1624 2016 1814 2062 exhibito
1833 2049 1845 2071 ,
1873 2016 2100 2082 personam
2118 2036 2172 2066 eo

332 2091 402 2138 die
417 2086 662 2152 vsurpatam
691 2085 859 2131 intuens
881 2114 895 2138 ,
926 2100 1134 2131 coronam
1152 2083 1173 2129 ἐ
1190 2085 1325 2147 capite
1356 2082 1434 2130 suo
1461 2085 1507 2129 in
1532 2101 1627 2132 eam
1639 2084 1846 2134 transtulit
1862 2117 1877 2140 ,
1921 2088 2085 2153 talique
2100 2088 2173 2136 ha-

334 2161 427 2206 bitu
443 2158 580 2221 rigens
599 2186 613 2210 ,
646 2153 768 2200 nullo
784 2151 991 2200 sentiente
1006 2185 1019 2207 ,
1049 2153 1256 2218 expirauit
1272 2185 1282 2195 .
1320 2155 1468 2201 Tanto
1485 2156 1530 2200 in
1547 2154 1711 2201 honore
1727 2154 2020 2204 Histrionibus
2052 2156 2169 2205 fuere

333 2227 527 2296 personae
542 2238 590 2272 vt
602 2222 814 2271 theatralis
827 2222 1052 2287 applausus
1068 2224 1252 2288 gloriam
1270 2221 1351 2269 illis
1366 2223 1480 2288 quali
1495 2238 1712 2288 acceptam
1731 2224 1934 2273 referrent
1947 2259 1958 2270 .
1972 2229 2169 2275 Primam

335 2301 502 2345 laruam
520 2291 650 2340 barba
667 2306 794 2357 atque
823 2291 942 2340 hiatu
971 2301 1014 2340 δέ
1045 2292 1273 2356 supercilio
1287 2311 1463 2357 grauem
1481 2292 1531 2339 ad
1550 2293 1786 2342 Histrioncs
1802 2296 2011 2342 Comicos
2046 2299 2173 2362 perti-

336 2386 381 2415 re
409 2365 701 2428 comperimus
733 2379 783 2407 ex
814 2362 905 2422 alijs
919 2393 933 2416 ,
973 2379 1066 2427 quae
1094 2360 1285 2427 express‘ae
1317 2361 1412 2408 sunt
1440 2364 1486 2408 in
1518 2363 1700 2428 antiquo
1739 2364 1929 2424 Terentii
1961 2367 2173 2413 Vaticano

338 2434 504 2485 Codice
517 2465 532 2488 ,
559 2448 742 2497 quarum
760 2432 976 2496 exemplar
991 2430 1261 2478 exhibuimus
1277 2433 1320 2478 in
1352 2431 1479 2497 ipfius
1498 2432 1686 2492 Terentij
1701 2434 1890 2498 imagine
1906 2467 1917 2478 .
1943 2435 2173 2484 Secundad

338 2508 455 2554 larua
468 2499 628 2549 radiata
658 2499 817 2547 coronfi
840 2499 1012 2565 inlignis
1028 2532 1041 2555 ,
1073 2500 1317 2565 Tragoedia:
1333 2503 1504 2566 propria
1523 2501 1600 2549 effe
1615 2501 1781 2549 videtur
1799 2533 1813 2556 ,
1831 2517 1878 2551 vt
1907 2501 2108 2552 discimus
2125 2523 2178 2553 ex

339 2575 519 2623 Polluce
551 2570 604 2618 de
619 2569 814 2618 Vestibus
833 2571 1024 2634 Tragicis
1041 2578 1084 2617 δε
1100 2572 1295 2618 Cornicis
1313 2588 1322 2615 :
1343 2569 1498 2626 Tiara,
1517 2572 1652 2625 vitta,
1668 2570 1972 2620 redimiculum
1986 2606 1999 2629 ,
2017 2575 2176 2622 mitra.

340 2644 502 2693 Noster
519 2641 619 2689 vero
638 2642 769 2687 Poeta
783 2642 826 2685 in
843 2640 1066 2687 Orchestra
1082 2639 1392 2694 seminudu5,&
1404 2640 1563 2706 absque
1580 2641 1683 2688 stola
1698 2640 1887 2705 depictus
1905 2642 1976 2698 est,
1995 2643 2176 2693 demisso

343 2713 396 2761 ad
414 2728 529 2758 crura
545 2710 676 2775 pallio
693 2726 814 2756 more
828 2711 1078 2757 Graecorum
1087 2726 1188 2774 ,qua
1205 2708 1393 2756 nuditate
1410 2725 1499 2756 non
1519 2709 1659 2756 solum
1677 2710 1977 2759 Antisthenem
1991 2745 2005 2769 ,
2026 2722 2070 2762 δε
2085 2719 2180 2781 Cy-

343 2786 464 2829 nicos
475 2779 642 2827 deterito
657 2782 826 2845 pe-store
842 2779 1219 2843 conspicimu3,sed
1238 2781 1365 2827 etiam
1380 2779 1590 2844 preclaros
1604 2779 2120 2845 Philosoph05,0ratores
2132 2801 2181 2831 ac

346 2854 531 2905 Poc'tas3
548 2848 846 2914 Pythagoram
861 2880 876 2902 ,
907 2847 1278 2903 Demosthenem,
1293 2847 1544 2913 Euripidem
1556 2881 1569 2904 ,
1587 2848 1894 2897 Moschionem
1912 2881 1928 2905 ,
1962 2851 2153 2919 aliosque
2167 2887 2179 2898 .

348 2923 482 2985 Virga
498 2920 630 2967 etiam
645 2918 767 2967 humi
794 2918 955 2968 abiesta
972 2917 1029 2965 est
1048 2948 1062 2973 ,
1097 2936 1230 2984 quam
1249 2917 1299 2965 ad
1318 2920 1521 2965 Comicas
1555 2918 1753 2985 personas
1769 2949 1783 2974 ,
1814 2917 2056 2988 pertinuill‘e
2082 2939 2186 2971 con=

351 2991 428 3039 stat
445 3023 455 3033 .
