2336 3700
416 295 486 358 18

327 427 408 470 tius
426 425 468 468 in
494 422 685 485 Dialogo
704 420 753 467 de
786 419 945 484 scriptis
977 415 1157 462 Socratis
1173 410 1411 460 aduersatus
1427 440 1440 464 ,
1468 410 1607 475 aliqua
1623 409 1676 457 ab
1692 411 1784 477 ipso
1815 410 1964 476 scripta
1980 409 2133 458 fuisse.⁸

327 492 620 539 demonstrans
638 524 648 533 .

843 627 1634 699 SPEVSIPPVS.

332 755 748 890 SPEVSIPPVS
781 813 1119 881 Eurymedontis
1150 826 1199 853 ex
1229 807 1422 855 Platonis
1445 805 1587 854 sorore
1625 804 1736 853 filius
1765 838 1779 862 ,
1827 805 1918 871 post
1948 798 2149 849 auunculi

330 909 518 941 mortem
533 893 652 938 :mnis
671 893 768 935 osto
786 887 1012 933 Platonicaz
1031 880 1180 927 scholae
1196 880 1240 924 in
1258 877 1495 924 Academia
1510 875 1691 940 praefuit.
1709 878 1812 923 Eius
1839 877 1971 922 vitam
1987 867 2154 934 scripsit

331 960 550 1015 La'e'rtiuS,
588 973 787 1022 extatque
813 954 897 1001 fine
926 953 1060 1016 capite
1091 953 1256 996 Herma
1284 964 1383 993 cum
1410 945 1624 1011 quadratis
1651 945 1799 992 litteris
1834 944 2152 999 CHEYCII'I-

332 1037 477 1090 HOC
507 1032 1067 1087 EYPYMEAONTOC
1095 1021 1476 1074 AOHNAIOC
1514 1017 1770 1086 Speufippus
1811 1019 2154 1091 Eurymedontis

333 1112 446 1161 filius
461 1110 749 1165 AtlienienfiS‚
767 1124 814 1157 vt
833 1125 882 1154 ex
896 1105 1033 1166 Fuluij
1051 1101 1192 1150 Vrsini
1213 1097 1377 1147 schedis
1396 1130 1407 1142 .

853 1315 1677 1389 THALES.

337 1446 482 1586 D
502 1513 862 1584 Elphicitripodis
878 1529 1056 1561 munere
1075 1507 1242 1558 Thales
1269 1505 1435 1571 septem
1447 1506 1698 1570 Sapientum
1715 1506 1879 1571 primus
1895 1503 2161 1554 collaudatus

336 1600 396 1635 elt
412 1621 423 1631 ·
439 1595 478 1634 ls
496 1590 627 1654 patria
644 1586 835 1634 Milesius
850 1615 864 1640 ,
877 1601 976 1631 cum
992 1599 1042 1629 ex
1057 1582 1177 1628 Ionia
1193 1576 1305 1633 effet,
1319 1579 1474 1623 lonicae
1489 1575 1779 1641 l’hilosophiae
1794 1579 1990 1642 princeps
2022 1571 2164 1621 claris-

338 1658 469 1706 simus
494 1656 645 1705 euafit.
681 1660 746 1703 Ex
773 1657 860 1703 eius
877 1653 1004 1720 porro
1019 1651 1159 1698 schola
1185 1648 1425 1712 tanquam&
1447 1647 1565 1692 coelo
1591 1663 1666 1710 per
1694 1646 1866 1694 ordines
1902 1629 2166 1694 succefferess

337 1729 402 1775 illi
425 1729 526 1788 Dijs
541 1726 710 1793 potius,
735 1726 868 1791 quam
898 1719 1344 1770 homnibusfiffiiles,
1365 1718 1408 1763 in
1435 1717 1585 1781 primis
1607 1719 1798 1762 Socrates
1831 1747 1846 1771 ,
1882 1716 2008 1763 Plato
2026 1744 2042 1770 ,
2069 1713 2173 1758 Ari-

338 1797 509 1844 stoteles
539 1829 551 1839 .
586 1798 725 1843 Huius
761 1793 1015 1857 Philosophi
1052 1804 1178 1855 caput
1199 1806 1249 1834 cx
1278 1802 1492 1833 marmore
1508 1801 1670 1832 nomen
1686 1785 1802 1832 collo
1825 1784 2009 1834 incisum
2044 1781 2175 1841 habet

338 1872 594 1920 ΘΑΛΗΣ
623 1866 924 1929 extabatatque
953 1862 1066 1926 apud
1091 1858 1309 1906 Achillem
1326 1853 1554 1904 Maffieum
1578 1886 1590 1898 .
2127 1841 2130 1842 ’

708 2078 1808 2172 THEORHRASTvs

338 2202 476 2339 T
494 2268 948 2317 HEOPHRASTVS
964 2285 1013 2314 ex
1030 2262 1160 2312 Ereso
1173 2261 1299 2309 Lesbi
1317 2261 1416 2307 loco
1450 2263 1698 2310 Melantum
1730 2265 1957 2313 Fullonem
1982 2278 2178 2331 patrem„

343 2344 495 2392 habuit
508 2343 678 2385 austore
699 2339 871 2384 La'e'rtio
884 2370 896 2382 .
910 2340 949 2383 Is
965 2335 1148 2383 Athenis
1162 2333 1297 2386 vixit,
1326 2332 1518 2379 Platonis
1531 2334 1747 2397 primum,
1783 2336 1925 2400 postea
1939 2335 2179 2383 Aristotelis

343 2409 513 2459 auditor
531 2426 546 2464 3
575 2409 642 2454 cui
673 2407 725 2453 ad
751 2406 1004 2454 Chalcidem
1034 2403 1230 2470 profesto
1247 2432 1260 2457 ,
1282 2404 1327 2449 in
1360 2402 1567 2467 regimine
1594 2405 1883 2468 Peripateticae
1906 2403 2060 2451 scholae
2087 2403 2182 2452 suc-

342 2480 597 2532 ceffit,tanta
618 2476 680 2523 sui
697 2479 887 2523 nominis
901 2475 1157 2527 celebritate,
1173 2487 1219 2520 vt
1230 2471 1281 2519 ad
1296 2471 1419 2517 illum
1433 2470 1696 2519 audiendum
1712 2474 1765 2520 ad
1783 2474 1871 2522 duo
1885 2475 2020 2522 millia
2036 2458 2184 2522 accur-i

341 2563 483 2600 retent
497 2547 830 2611 discipulorum.
847 2547 923 2594 Ob
937 2549 1025 2593 eius
1041 2543 1235 2590 diuinam
1249 2542 1404 2588 Atticae
1420 2542 1680 2605 eloquentie,
1692 2542 1954 2599 facultatem,
1970 2561 2071 2591 cum
2092 2530 2184 2610 ipse

343 2634 468 2667 antea
487 2619 723 2682 *syl-tamus
737 2617 1034 2680 appellaretur,
1047 2613 1101 2659 ab
1117 2610 1346 2660 Aristotele
1364 2597 1651 2685 Θεᾶφξριςυς
1669 2613 1983 2678 Theophrastus
2009 2613 2094 2661 hoc
2124 2613 2185 2662 est

346 2699 594 2761 Deiloquus
612 2695 689 2742 fuit
705 2697 1062 2759 cognominatus:
1078 2708 1125 2738 ac
1141 2708 1287 2754 praeter
1304 2690 1571 2756 Diogenem,
1588 2701 1631 2740 &
1647 2691 1920 2750 Strabonem,
1934 2695 2090 2741 Cicero
2102 2691 2180 2740 ad-

345 2772 396 2818 eo
412 2766 551 2831 ipsum
568 2767 814 2829 eloquentia
829 2760 1060 2812 excelluiffe
1079 2760 1328 2816 affirmat,vt
1343 2777 1506 2808 nomen
1522 2761 1725 2809 diuinum
1742 2765 1958 2811 inuenerit
1973 2795 1986 2808 .
2012 2767 2185 2824 Qam-

346 2840 412 2885 uis
431 2834 531 2883 vero
549 2833 601 2881 ad
617 2848 781 2882 tantam
807 2834 978 2881 laudem
996 2829 1142 2878 Attica
1157 2830 1354 2878 facundia
1369 2830 1688 2896 Theophrastus
1701 2833 1879 2898 polleret
1894 2847 2065 2888 ,tamen
2084 2848 2188 2880 cum

347 2924 448 2955 eum
476 2904 732 2968 loquentem
761 2902 983 2952 audiuiffct
1015 2902 1204 2948 Anicula
1220 2932 1235 2956 ,
1259 2900 1472 2948 aduenam
1505 2899 1611 2955 else,
1643 2918 1784 2966 neque
1799 2904 1908 2949 inter
1920 2904 2032 2949 ciues
2047 2901 2188 2948 Athe-

343 2973 510 3024 nienses
538 2973 688 3020 versari
718 2973 898 3020 credidit
924 3005 938 3028 ,
976 2970 1098 3038 quod
1140 2970 1196 3018 ab
1232 2971 1401 3021 vrbano
1430 2968 1541 3019 sono
1575 2971 1801 3037 paululum
1840 2988 1948 3020 voce
1976 2969 2189 3037 discrepa-

341 3061 426 3101 ret,
453 3058 497 3092 vt
533 3042 659 3090 refert
688 3041 808 3091 idem
845 3045 1004 3093 Cicero
1044 3072 1055 3085 ·

1912 3110 2124 3158 ΧΕΝΟ-
