2336 3700
349 418 529 502 pleffl
550 463 563 486 ,
596 415 698 479 sed
725 424 788 481 &
815 416 1150 502 hospitibus
1174 423 1369 485 Mufis
1400 424 1771 487 domicilium
1794 424 2025 509 praestas
2044 470 2058 494 ,
2091 425 2167 487 se-

350 505 512 565 leffis
550 503 821 586 vndique
872 510 1114 588 optimis
1157 509 1522 582 CodicibUS,
1571 515 1963 594 omniumque
1997 509 2164 571 disci-

350 591 652 674 plinarum
671 596 1073 654 monumentis
1088 641 1101 663 ,
1121 616 1249 677 quae
1272 598 1473 659 Tuam
1496 597 1934 659 Bibliothecam
1957 596 2162 658 instru-

352 693 464 737 unt
499 721 512 743 ,
557 676 877 759 Tuamque
909 681 972 738 in
1007 682 1079 762 ijs
1112 683 1526 766 comparandis
1575 683 2048 746 munificentiam
2082 699 2164 745 te-

350 759 577 822 stantur
613 810 624 820 .
670 761 822 824 Haec
849 763 1112 847 profecffh‘)
1145 790 1282 829 cum
1318 769 1650 833 admodum
1682 769 1861 853 digna
1898 767 2042 839 sint,
2081 767 2167 830 di-

348 851 516 930 gnior
533 865 734 910 tamen
768 869 826 910 es
863 851 964 912 Tu
984 897 998 921 ,
1045 856 1150 936 qui
1188 857 1251 915 in
1275 858 1367 918 Te
1390 879 1517 922 vno
1546 857 1759 919 Gunela
1789 857 2045 940 colligiS‚
2095 862 2159 919 &

348 931 635 1017 poffide53
684 935 1008 1019 Religione
1040 985 1054 1008 ,
1104 940 1332 1004 Pietate
1362 990 1375 1012 ‚
1424 944 1760 1026 caeterisque
1811 939 2161 1005 Virtutibus

351 1018 430 1080 ad
465 1020 755 1083 summam
799 1023 1039 1085 laudem
1089 1027 1570 1111 praefulgentibus
1619 1079 1629 1089 .
1713 1028 2167 1111 Qamobrems

348 1107 639 1189 Imagines
678 1109 829 1191 ipsas
860 1156 875 1179 ‚
926 1133 1056 1194 quae
1094 1113 1391 1197 iapientiae
1441 1118 1593 1179 Tuae
1642 1113 1948 1178 fimulacra
2001 1116 2168 1185 sunt,

345 1194 671 1255 immortali
732 1193 994 1258 Nomini
1027 1198 1172 1260 Tuo
1209 1201 1367 1263 sacro
1398 1251 1412 1273 ‚
1469 1221 1735 1285 votaque
1776 1201 2172 1286 obsequentis-

347 1276 478 1339 fimi
506 1283 690 1343 animi
715 1286 833 1343 mei
872 1304 1006 1367 erga
1026 1286 1120 1349 Te
1146 1290 1388 1372 exple0‚
1428 1293 1536 1373 qui
1573 1288 1726 1351 mihi
1748 1289 1892 1351 Tuo
1909 1291 2168 1352 Patroci-

349 1368 453 1426 nio
486 1364 656 1435 ades,
708 1374 770 1431 &
806 1367 971 1431 saues
1006 1420 1017 1431 .
1080 1373 1323 1436 Interim
1359 1375 1562 1438 Deum
1601 1378 1930 1460 Optimum
1965 1377 2167 1439 Maxi-

348 1473 516 1514 mum
533 1474 738 1536 precor
754 1500 768 1523 ,
801 1473 874 1520 vt
892 1456 1000 1520 diu
1025 1459 1118 1521 Te
1136 1460 1403 1525 Ecclefiae
1424 1510 1437 1532 ‚
1485 1486 1553 1526 ac
1581 1465 1828 1548 publico
1863 1464 2024 1526 bono
2040 1484 2168 1549 pre-

351 1537 461 1600 stet
490 1539 856 1604 incolumem
895 1592 906 1604 .

477 1711 543 1773 E.
591 1714 665 1775 T,

1224 3101 1273 3144 H
1275 3098 1520 3149 umillimus
1532 3116 1596 3160 ξφ
1614 3101 1914 3172 Obfiquentiſs.
1933 3112 2090 3159 Seruus
2132 3140 2137 3144 ·

1476 3175 1542 3220 Io:
1572 3172 1755 3222 Iacobus
1790 3175 1840 3222 de
1863 3177 2022 3226 Rubeis
