2336 3700
444 438 481 494 6

348 543 470 589 theca
485 532 793 586 collocandam
809 527 998 580 inuenire
1016 546 1103 577 non
1121 523 1255 595 poss'et
1277 559 1291 583 ,
1306 544 1399 574 earn
1415 544 1465 576 ex
1507 524 1683 593 ingenio
1701 525 1929 574 Artificum
1957 525 2103 594 effingi
2115 548 2186 577 cu-

350 611 479 664 rasse,
509 622 557 656 vt
588 604 814 654 Musarum
841 601 1056 648 Antistitis
1073 600 1300 646 ementitus
1327 597 1472 645 vultus
1489 596 1718 644 hominum
1750 595 1950 644 desideria
1970 600 2154 662 expleret
2174 628 2186 639 ·

349 678 581 729 Traditum
606 677 736 722 etiam
771 673 828 720 est
856 687 1029 717 coecum
1060 670 1184 715 illum
1213 665 1332 714 fuisse
1360 696 1376 722 ο,
1399 680 1530 731 atque
1560 665 1583 713 εὶ
1612 665 1684 712 sua
1698 668 1894 712 coecitate
1925 683 1975 712 ex
2011 668 2185 715 Melefi-

351 765 462 815 gene
476 751 724 795 Homerum
741 755 1035 804 nuncupatum
1055 770 1068 794 ‚
1100 751 1148 785 vt
1173 736 1314 784 nostra
1344 737 1493 802 imago
1518 748 1701 800 Vtroque
1724 735 1887 782 lumine
1919 733 2179 789 orbatum„

351 837 401 867 ac
422 815 654 882 superciliis
683 809 1032 877 prominentibus
1072 806 1199 854 refert
1225 838 1240 861 ‚
1267 807 1440 870 qualem
1466 804 1766 853 Christodorus
1794 805 1881 850 eius
1914 803 2092 851 statuam
2113 806 2188 853 de-

349 887 510 939 scribit,
526 899 658 949 quam
677 899 727 929 ex
744 878 937 927 versione
953 882 1067 926 C·V.
1086 877 1241 923 Leonis
1258 875 1404 935 Allatij
1419 874 1667 922 exhibemus
1682 906 1694 918 .
1731 871 1803 936 Est
1817 888 1880 930 ω·
1896 870 2180 928 Bibliotheca,

352 971 419 1013 (φ
456 952 715 1002 Homerium
750 980 764 1003 ‚
774 948 943 1014 scilicet
970 947 1157 1014 porticus
1186 944 1431 1011 quadrata,
1464 944 1674 1011 templum
1700 941 1849 991 habens
1872 942 2085 998 Homeri,
2123 957 2190 1000 ες»

339 1024 635 1091 simulacrum
657 1053 669 1064 .
704 1019 837 1067 Nam
867 1019 1070 1083 Smyrnaei
1102 1031 1268 1082 quoque
1284 1017 1525 1062 Homerum
1537 1014 1626 1079 fibi
1651 1013 1804 1060 acriter
1828 1011 2090 1062 vindicant:
2123 1027 2191 1069 ξφ

352 1093 567 1160 nomisma
597 1088 825 1156 quoddam
852 1104 1003 1135 aeremm
1044 1085 1163 1154 apud
1190 1101 1252 1132 eos
1284 1084 1544 1132 Homerium
1577 1095 1765 1133 vocatur
1792 1115 1805 1127 .
1852 1081 2053 1147 Crispam
2084 1099 2189 1148 prae-

352 1179 468 1211 terea
496 1160 804 1225 modicamque
837 1155 1015 1205 barbam
1044 1157 1173 1203 habet
1199 1186 1212 1211 ,
1242 1171 1376 1219 quam
1406 1156 1452 1201 in
1480 1171 1580 1202 vera
1603 1154 1784 1200 Homeri
1821 1153 2011 1216 imagine
2035 1151 2191 1216 probat

355 1232 474 1281 idem
496 1231 685 1279 Allatius
702 1261 717 1285 ,
742 1243 790 1277 vt
807 1229 853 1276 in
868 1228 1091 1295 sequenti.
1118 1224 1266 1273 Taenia
1288 1224 1456 1292 insuper
1470 1224 1540 1273 seu
1555 1222 1796 1272 diademate
1817 1225 2051 1272 Po'e'tarum
2065 1223 2191 1270 Prin-

355 1319 455 1371 ceps
482 1314 711 1350 coronatur
730 1332 743 1343 .

887 1512 1642 1580 HOMERVS.

371 1621 401 1756 Ι
460 1619 715 1754 ΙΟΜΕΚΙ
748 1692 929 1744 statuam
955 1697 1000 1743 in
1030 1696 1109 1744 hac
1137 1694 1285 1744 tabula
1310 1692 1489 1742 incisam
1509 1723 1523 1748 ,
1552 1687 1767 1751 brachijs{
1801 1686 2074 1753 cruribusque
2099 1703 2193 1735 am-

357 1763 547 1825 putatis,
576 1759 684 1812 facie
710 1764 815 1812 vero
838 1796 850 1821 ,
871 1773 915 1814 δε
944 1768 1081 1831 capite
1107 1767 1304 1829 integro,
1331 1778 1459 1830 atque
1490 1762 1512 1809 a
1541 1761 1747 1825 temporis
1773 1759 1936 1819 iniurijs
1963 1757 2193 1813 incolumi,

361 1829 644 1875 commendat
665 1834 846 1873 Allaria<
861 1837 903 1871 in
921 1834 1177 1882 Dra-satione
1194 1833 1246 1881 ad
1259 1834 1417 1881 librum
1433 1832 1486 1878 de
1513 1831 1653 1878 Patria
1675 1829 1887 1880 Homeri,
1917 1840 1966 1874 vt
1982 1841 2077 1890 quae
2093 1840 2187 1873 non

362 1915 414 1945 ex
431 1894 609 1958 ingenio
623 1895 861 1959 excogitata
873 1892 922 1940 sit
935 1925 949 1948 ‚
979 1892 1358 1958 quemadmodum
1375 1892 1542 1939 Plinius
1558 1890 1611 1938 de
1627 1889 1780 1936 Afinio
1797 1890 1998 1937 Pollione
2014 1909 2185 1940 memo-

360 1978 426 2014 rat
440 1994 454 2019 ,
471 1960 542 2009 sed
555 1963 698 2026 poteris
712 1962 763 2011 ad
777 1961 1100 2011 similitudinem
1114 1962 1316 2028 expolita,
1333 1976 1463 2026 atque
1477 1965 1530 2007 ad
1549 1960 1740 2025 posteros
1755 1977 1828 2025 per
1846 1975 2000 2007 manus
2013 1959 2164 2010 tradita
2188 1962 2206 2008 Σ

360 2038 627 2098 Comparata
643 2035 760 2081 enim
779 2051 878 2081 cum
893 2034 976 2080 alia
991 2032 1180 2080 eiusdem
1193 2031 1313 2080 Vatis
1331 2033 1374 2078 in
1391 2047 1576 2078 nummo
1591 2029 1823 2084 Chiorum,
1840 2045 1973 2094 quem
1993 2027 2062 2077 hic
2077 2030 2196 2078 exhi-

361 2103 518 2151 bemus
534 2131 548 2155 ‚
564 2108 608 2148 δι’
622 2121 721 2151 cum
737 2103 984 2151 Farnefiana
998 2104 1041 2150 in
1054 2100 1321 2150 antecedenti
1338 2117 1552 2147 marmore
1572 2097 1758 2146 exhibita
1775 2129 1790 2153 ,
1805 2098 2081 2147 similitudine
2093 2100 2190 2148 vul-

363 2187 431 2221 tus
449 2169 600 2231 iisdem
613 2173 806 2241 proxime
823 2171 1047 2239 respondet
1065 2203 1078 2226 ,
1094 2168 1264 2219 modica
1282 2200 1295 2224 ‚
1314 2179 1354 2219 δε
1370 2168 1504 2234 crispa
1523 2169 1653 2216 barba
1669 2199 1683 2224 ,
1701 2184 1791 2216 non
1805 2166 1962 2235 longa,
1990 2177 2033 2217 ὃ(
2046 2169 2099 2217 ad
2117 2186 2194 2235 pe-

364 2246 456 2290 &us
471 2257 658 2306 propexa
676 2276 689 2299 ,
704 2243 840 2309 qualis
852 2246 964 2290 circu
972 2241 1147 2289 mfertur
1159 2243 1203 2288 in
1216 2239 1520 2288 recentioribus
1532 2239 1722 2287 nummis
1739 2240 2017 2286 contorniatis
2031 2237 2193 2304 absque

363 2312 452 2373 vlla
480 2327 579 2357 cum
613 2319 809 2361 Homero
841 2311 1043 2359 affinitate
1067 2346 1079 2355 .
1120 2311 1335 2359 Chiorum
1362 2325 1567 2356 nummus
1597 2310 1642 2355 in
1670 2309 1850 2372 gratiam
1878 2310 2063 2355 Homeri
2092 2325 2188 2372 per-

371 2377 507 2426 cuffils
528 2409 542 2432 a
573 2381 670 2430 hinc
697 2382 935 2447 Sphingem
957 2382 1113 2428 alatam
1144 2380 1319 2427 dextero
1348 2377 1456 2444 pede
1472 2379 1573 2444 lyrae
1599 2379 1791 2424 innixam
1807 2393 1906 2424 cum
1922 2377 2191 2443 epigraphe-2

367 2453 557 2502 ΧΙΩΝ
586 2452 717 2506 3inde
744 2451 932 2498 eiusdem
959 2454 1142 2499 Homeri
1169 2449 1352 2497 sedentis
1369 2448 1640 2495 simulacrum
1668 2461 1846 2512 Vtraque
1874 2463 2008 2494 manu
2037 2448 2190 2493 carmi-

369 2545 480 2574 num
505 2527 713 2574 volumen
730 2527 772 2570 in
789 2524 879 2571 finu
893 2526 1076 2572 tenentis
1088 2524 1259 2572 exhibet
1274 2522 1484 2588 adscripto
1499 2524 1677 2568 nomine
1693 2523 2060 2570 OMHPOCzeui
2072 2539 2194 2590 pror-

369 2597 439 2646 sus
453 2595 588 2642 simile
605 2595 647 2640 in
665 2595 820 2658 exiguo
848 2593 977 2642 frusto
993 2596 1144 2642 veteris
1170 2610 1416 2642 marmoreae
1431 2591 1594 2639 tabellae
1622 2593 1669 2638 in
1712 2591 1854 2639 nostro
1866 2589 2036 2639 Mufieo
2050 2591 2194 2639 adser-

372 2680 527 2714 uamus
544 2695 556 2708 .
574 2663 787 2710 Chiorum
804 2663 906 2710 vero
919 2665 1104 2718 nummi,
1119 2664 1172 2712 de
1186 2682 1274 2730 quo
1289 2660 1775 2728 loquimur‚Aristoteles
1793 2669 1836 2708 Sc
1853 2659 2010 2707 Pollux
2029 2662 2189 2708 memi-

374 2751 477 2782 nere
499 2765 514 2789 ,
542 2733 813 2797 eundemque
836 2732 1027 2781 laudatus
1053 2735 1236 2782 Allatius
1262 2733 1460 2799 praedieto
1478 2731 1589 2777 libro
1627 2731 1681 2778 de
1710 2731 1893 2777 Homeri
1918 2732 2061 2778 Patria
2089 2729 2188 2777 illu-

381 2803 526 2851 strauit
542 2835 552 2846 .
586 2807 703 2850 Cum
720 2802 822 2851 vero
849 2803 1015 2851 nobiles
1028 2805 1202 2853 Graeciae
1218 2802 1354 2853 Vrbes
1368 2802 1551 2849 Homeri
1566 2800 1701 2848 natale
1716 2798 1791 2847 fibi
1806 2799 2073 2848 contentiose
2089 2800 2185 2847 vin-

378 2875 598 2927 dicarent,
629 2875 718 2920 eius
735 2875 941 2938 imagines
958 2905 971 2929 ,
1000 2883 1042 2922 Sc
1071 2873 1286 2922 simulacra
1298 2888 1520 2936 tamquam
1538 2874 1672 2918 maius
1686 2871 1827 2935 patriae
1839 2868 1967 2915 decus
1979 2869 2186 2934 aegloriae

379 2941 541 3007 insigne
557 2941 860 3006 praeferebant.
897 2945 1009 2991 Inter
1027 2960 1132 3008 quas
1159 2945 1297 2993 Vrbes
1321 2956 1467 3008 praeter
1496 2941 1686 2994 Chium,
1719 2940 1850 2987 etiam
1877 2941 2062 3004 Smyrna
2101 2939 2180 2984 in„-

378 3012 562 3059 Homeri
607 3014 929 3059 venerationem
953 3044 968 3068 ‚
1009 3030 1242 3062 nummum
1279 3029 1433 3062 aereum
1467 3010 1665 3076 percuffit
1691 3009 1873 3074 Homeri
1902 3009 2082 3055 nomine
2113 3007 2182 3053 in-

382 3081 610 3145 signitum,
638 3097 770 3145 quem
795 3084 1139 3132 OMHPEION
1168 3088 1437 3131 Homereum
1464 3081 1549 3129 siue
1574 3080 1856 3128 Homericum
1883 3089 2182 3141 nuncupatum

382 3150 518 3198 alierit
535 3150 713 3199 Strabo·
739 3151 966 3202 Sedentem
993 3157 1147 3203 Vatem
1176 3150 1473 3222 philosophico
1498 3150 1636 3219 pallio
1661 3150 1864 3198 amicitum
1881 3179 1896 3206 ,
1923 3146 2092 3195 dextera
2127 3161 2193 3192 ra·-

1964 3232 2086 3263 mum
2101 3245 2116 3271 ‚
