2336 3700
759 495 1664 567 TERENTIVS.

293 622 394 757 P
419 689 629 739 VBLIVS
658 680 1019 733 TERENTIVS
1049 680 1213 728 AFER
1240 678 1255 735 ᾇ
1293 680 1412 727 cuius
1438 681 1598 746 argutis
1631 678 1748 741 tibiis
1779 680 1930 729 Thalia
1958 680 2129 729 resonat

298 776 602 814 nomemnon
620 756 763 803 solum
791 754 812 799 ὲ
838 752 1039 799 seruitute
1079 752 1323 796 carminum
1353 749 1548 814 praesrdio
1577 749 1854 798 manumiss'us
1880 782 1894 806 ‚
1925 767 1972 797 ac
2001 752 2132 797 liber-

291 847 378 880 tate
395 830 578 876 donatus
597 827 653 873 est
666 843 680 881 3
695 822 850 873 vetum
864 823 993 867 etiam
1017 820 1270 884 Scipionem
1288 820 1413 865 illurn
1429 849 1443 873 ,
1475 822 1551 884 qui
1570 819 1716 867 Africa
1728 819 1895 868 deuicta
1928 820 2128 868 Africani

302 915 558 965 cognomen
582 895 765 947 meruit,
794 891 983 939 amicitia
998 888 1322 936 sibiarfitiffime
1352 890 1514 936 iunxit.
1557 889 1771 938 Andriam
1804 890 2128 955 primamesuis

294 968 590 1022 Comoediam
609 963 713 1012 iuffu
726 961 955 1010 Aedilium
972 973 1070 1007 ante
1083 959 1323 1007 Carionem
1339 959 1385 1004 in
1402 959 1559 1005 lectulo
1582 973 1829 1006 coenantem
1854 963 2028 1008 recitare
2057 979 2131 1025 ag-

295 1037 449 1106 gressus
465 1069 479 1090 ,
493 1034 613 1102 quod
626 1033 944 1098 contemptiore
961 1029 1113 1080 vestitu
1129 1027 1228 1075 efl'et
1243 1059 1258 1083 ,
1292 1027 1448 1075 humili
1467 1027 1667 1077 subsellio
1681 1029 1857 1085 resedit3
1891 1045 1932 1077 at
1947 1030 2132 1077 dicendo

297 1108 503 1177 probatus
519 1136 533 1162 2
559 1106 700 1153 statim
723 1103 745 1148 a
766 1103 954 1150 Carione
972 1100 1174 1147 inuitatus
1192 1098 1263 1152 est,
1283 1111 1332 1145 vt
1346 1096 1490 1146 secum
1508 1098 1778 1147 accumberet
1792 1130 1806 1154 ,
1820 1113 1949 1164 atque
1965 1100 2047 1146 vna
2068 1116 2139 1162 ce-

299 1194 421 1227 naret
436 1210 448 1221 .
484 1179 529 1223 A
548 1177 747 1239 Scipione
759 1172 918 1238 ips0,ac
936 1171 1068 1217 Laeh'o
1083 1169 1185 1215 sein
1203 1166 1285 1215 suis
1300 1167 1553 1229 Comcedijs
1578 1168 1807 1216 scribendis
1825 1169 2019 1216 adiutum
2050 1169 2139 1234 ipse

299 1250 480 1302 fatetur3
512 1243 804 1312 quamobrem
825 1244 914 1288 cius
936 1240 1066 1306 stylus
1099 1237 1270 1285 summa
1297 1252 1415 1292 arte,
1449 1256 1497 1285 ac
1524 1241 1706 1304 puritate
1741 1240 1909 1293 nitens,
1940 1238 2140 1304 pedestris

299 1316 555 1365 Comoediae
574 1316 770 1361 oratione
782 1311 972 1376 superior
984 1309 1163 1357 habetur
1179 1326 1193 1364 5
1221 1307 1472 1373 factumque
1487 1309 1545 1357 est
1560 1340 1573 1364 ‚
1587 1323 1634 1356 vt
1652 1323 1866 1373 quantum
1885 1311 2057 1374 optimo
2074 1308 2142 1356 di-

302 1387 428 1435 cendi
444 1401 599 1450 genere
616 1383 845 1431 Terentius
864 1381 1019 1427 Plauto
1038 1377 1238 1444 praecedit
1254 1409 1268 1432 ‚
1285 1377 1336 1425 eo
1355 1380 1493 1443 magis
1520 1379 1695 1425 Plautus
1712 1378 1873 1439 facetijs
1885 1409 1899 1434 ,
1929 1387 1974 1426 δε
1989 1377 2145 1426 salibus

301 1458 512 1506 Terentio
529 1465 826 1518 anteponatur.
839 1450 923 1497 Hic
940 1449 1033 1514 post
1053 1449 1184 1497 editas
1198 1446 1291 1494 suas
1309 1447 1792 1510 Comoedias,euitande
1809 1447 2146 1514 reprehenfionis

304 1522 461 1579 causa,
494 1523 613 1589 quod
630 1521 890 1572 Menandri,
916 1527 959 1567 δε
990 1516 1255 1583 Apollodori
1285 1518 1443 1563 alienas
1477 1517 1641 1565 fabulas
1672 1517 1862 1565 edidifl'et
1889 1549 1902 1572 ,
1945 1517 2000 1564 ab
2031 1518 2149 1567 Vrbe

305 1594 524 1644 discedens
542 1626 557 1650 ,
586 1607 760 1640 centum
793 1600 837 1639 ὅ(
863 1593 963 1637 osto
996 1592 1196 1654 SatyraS,
1235 1595 1279 1634 δε
1305 1587 1470 1634 fabulas
1497 1604 1548 1633 ex
1562 1589 1738 1652 ingenio
1754 1590 2028 1652 compoluit,
2051 1590 2149 1654 qui-

308 1666 389 1713 bus
413 1664 580 1713 rediens
595 1666 790 1712 Romam
808 1660 1034 1725 naufragio
1062 1657 1255 1713 amiffis,
1283 1656 1433 1705 dolore
1450 1688 1464 1714 ‚
1498 1673 1546 1704 ac
1561 1654 1689 1705 taedio
1719 1658 1844 1722 perijt
1860 1689 1872 1699 .

777 1844 1706 1913 THEOCRITVS.

310 1945 446 2084 T
469 2008 829 2062 HEOCRITVS
870 2007 1246 2055 SYRACVSIVS
1289 2004 1472 2069 patriam
1506 2004 1657 2051 habuit
1686 2004 1954 2052 Trinacriam
1982 2003 2157 2052 Bucoliss

315 2092 354 2137 ci
385 2085 583 2135 carminis
616 2094 837 2147 parentem
873 2095 888 2133 3
926 2076 1013 2142 ipse
1042 2075 1216 2123 veroin
1252 2074 1335 2120 hoc
1372 2076 1593 2121 Po'e'matis
1620 2091 1774 2138 genere
1816 2075 2016 2121 omnium
2033 2076 2156 2121 Ptin-

315 2174 413 2222 ceps
449 2187 464 2210 ,
506 2151 614 2201 adeo
644 2167 726 2216 prae
761 2148 920 2196 caeteris
935 2147 1165 2198 excelluit,
1191 2157 1238 2192 vt
1256 2143 1328 2190 sua
1349 2143 1506 2191 Eidilia
1519 2143 1781 2208 Eclogarum
1811 2145 1992 2191 nomine
2007 2145 2152 2207 Virgi-

320 2232 403 2277 lius
425 2226 472 2273 s1t
491 2228 680 2270 imitatus
694 2252 705 2264 .
734 2216 1067 2266 Venustiffimus
1081 2246 1096 2270 ,
1123 2231 1170 2260 ac
1185 2211 1515 2261 iucundissimus
1533 2227 1707 2267 cantor,
1726 2215 1926 2278 quamuis
1940 2214 2124 2260 humiles
2140 2242 2155 2266 ‚

317 2315 364 2347 ac
387 2292 536 2361 pressas
553 2290 604 2338 ad
622 2288 804 2338 fistulam
821 2285 1065 2334 modulatus
1078 2283 1126 2331 sit
1140 2283 1363 2331 Pastorum
1381 2314 1394 2337 ,
1425 2291 1468 2330 δέ
1489 2282 1796 2347 Agricolarum
1827 2284 2058 2331 cantilenas
2077 2312 2091 2336 ‚
2109 2290 2154 2328 &

319 2364 566 2429 colloquia,
585 2362 628 2406 in
642 2358 799 2424 quibus
814 2358 944 2403 etiam
959 2353 1177 2421 grandiori
1189 2353 1296 2399 sono
1320 2351 1593 2399 sublimiores
1611 2367 1673 2399 res
1704 2361 1747 2400 δε
1775 2350 1973 2418 personas
2001 2368 2152 2415 reprae-

318 2439 453 2486 sentat
466 2467 478 2477 .
515 2434 619 2477 Eius
634 2441 758 2493 caput
775 2426 889 2486 folijs
903 2426 1041 2491 pineis
1056 2437 1284 2470 coronatur
1295 2453 1309 2477 ,
1324 2422 1391 2471 vel
1409 2421 1527 2487 quod
1548 2425 1678 2469 Pinus
1692 2422 1818 2468 arbor
1831 2420 1942 2468 sacra
1955 2422 2004 2469 sit
2018 2422 2150 2468 Pani-

321 2506 547 2557 pastorum
570 2503 671 2546 Deo
687 2530 701 2552 ,
734 2499 801 2544 cui
819 2505 863 2544 δε
890 2495 978 2560 ipse
1011 2494 1267 2543 Theocritus
1294 2491 1366 2539 sua
1383 2492 1538 2539 Eidilia
1555 2491 1756 2547 sacrauit3
1775 2490 1843 2538 vel
1862 2491 1982 2555 quod
2001 2494 2046 2539 in
2068 2511 2157 2540 cer-

322 2571 560 2627 taminibus
579 2568 632 2614 de
649 2565 840 2616 Moscho
856 2598 869 2620 ,
883 2574 926 2612 ὃς
943 2567 1082 2612 Bione
1099 2562 1180 2610 suis
1197 2564 1484 2609 conterraneis
1501 2563 1706 2609 Bucolico
1721 2562 1910 2607 carmine
1926 2563 2153 2612 victoriam

324 2639 684 2702 retulerit.Viguit
699 2637 776 2684 sub
791 2651 975 2700 Vtroque
992 2631 1480 2696 Ptoleniae02Lagide,ac
1495 2631 1796 2695 Philadelpho,
1817 2630 1991 2697 eiusque
2008 2634 2156 2699 imago

326 2724 370 2766 in
384 2714 560 2779 Clypeo
574 2724 819 2757 marmoreo
851 2705 1012 2772 sculpta
1029 2703 1198 2753 extabat
1214 2703 1259 2749 in
1277 2702 1414 2763 Fuluij
1437 2701 1577 2750 Vrsini
1597 2700 1864 2750 Bibliotheca
1881 2732 1892 2743 .

891 2896 1740 2964 VIRGILIVS.

335 2992 497 3131 M
516 3065 681 3110 AGNI
714 3062 876 3108 IOVIS
907 3059 1102 3105 FILIAE
1117 3088 1131 3112 ,
1158 3074 1252 3123 quae
1267 3055 1432 3119 semper
1449 3055 1623 3104 virentis
1640 3054 1864 3104 Heliconis
1881 3071 2080 3104 montem
2099 3057 2165 3104 in-

338 3139 477 3183 colitis
494 3165 507 3190 ,
541 3149 619 3182 vos
649 3130 759 3180 edite
777 3144 923 3179 cantus
942 3158 955 3185 >
981 3127 1121 3177 ducite
1135 3128 1308 3178 choreas
1324 3157 1337 3184 2
1354 3126 1458 3176 dum
1487 3124 1632 3174 nostro
1663 3123 1861 3174 Parnasso
1889 3126 2104 3174 rediuiuus
2124 3122 2165 3175 le

1954 3197 2103 3244 Palam
