2336 3700
1861 338 1888 377 Ῑ
1900 335 1931 398 3

170 443 380 518 pientiam
394 437 558 490 secutus
586 444 644 493 est
657 440 869 492 Hesiodus
881 439 1056 508 .Pythei
1078 454 1289 489 nummus
1302 466 1316 491 ‚
1333 435 1378 483 in
1405 437 1494 483 eius
1510 430 1727 482 honorem
1746 427 1770 476 ἃ
1788 425 2018 493 (ΣΟΙΟΡΙῙΟΕ

174 515 256 575 niJS
270 509 505 579 percuss'u52
523 514 693 564 extabat
709 516 818 563 olim
834 512 1161 582 apudFuluium
1190 507 1395 558 Vrfinum
1426 538 1438 550 .
1491 500 1494 502 ’

793 730 1403 805 SAPPHO.

178 849 269 985 S
289 922 505 969 APPHO
521 920 801 974 POETRIA
823 922 1064 990 Mytilenes
1075 933 1175 966 nata
1190 917 1300 963 inter
1314 910 1459 977 Lyrici
1474 906 1693 957 Carminis
1706 901 1883 953 Graeciae
1900 913 2032 947 nona,

182 995 292 1055 quin
307 991 418 1039 inter
450 1008 614 1040 nouem
631 993 786 1041 Musas
808 995 975 1043 decima
1001 992 1139 1041 inillo
1154 987 1287 1036 veteri
1298 984 1610 1050 epigrammate
1637 974 1967 1042 adnumeratur.

391 1060 535 1110 Nona
551 1079 625 1110 nec
636 1062 696 1126 est
712 1063 826 1112 inter
871 1063 1035 1130 Sappho
1063 1056 1317 1127 Lyricoffiue
1334 1084 1347 1110 ,
1381 1051 1608 1116 virosque,

462 1130 545 1180 Sed
559 1150 791 1181 numerum
809 1137 870 1183 M
871 1136 952 1199 ufir
975 1145 1125 1197 auget,
1155 1143 1220 1184 ξφ
1237 1127 1316 1172 haec
1349 1122 1515 1168 decima
1533 1152 1544 1163 .

254 1201 474 1249 Plefflum
491 1201 610 1249 fuiss'e
627 1203 873 1268 Sapphonis
890 1208 1151 1256 inuentum,
1186 1207 1229 1246 δε
1248 1193 1520 1259 Sapphicum
1551 1202 1729 1253 quoque
1762 1194 1953 1230 metrum
1981 1175 2036 1224 ab

186 1269 275 1335 ipsa
292 1270 623 1320 denominatum
637 1272 770 1321 fertur
781 1293 795 1331 3
813 1273 953 1322 immo
970 1282 1013 1321 &
1029 1271 1310 1322 Aristoxenus
1327 1262 1600 1310 harmoniam
1617 1251 1856 1319 Mixolydij
1870 1250 1924 1296 ab
1949 1245 2040 1314 ipsa

187 1356 406 1406 repertum
420 1340 590 1390 scribit.
627 1345 796 1392 Claruit
817 1342 1092 1410 Olympiade
1124 1342 1354 1400 XLll.quo
1373 1347 1570 1395 tempore
1596 1328 1764 1375 Alcaeus
1779 1321 1959 1386 Lyricus
1990 1323 2036 1363 δε

189 1412 279 1477 ipse
295 1411 577 1478 Mytilenaeus
599 1413 771 1461 floruit.
808 1417 930 1462 Cum
945 1412 1120 1478 Sappho
1149 1412 1170 1457 ἐ
1200 1403 1396 1458 Leucade
1426 1403 1471 1448 in
1501 1417 1618 1447 mare
1649 1397 1691 1444 se
1719 1384 2042 1460 praecipitaffet,

188 1481 406 1530 submersa
424 1483 575 1545 perijt‚
601 1496 730 1549 atque
766 1484 811 1531 in
833 1485 923 1532 eius
943 1483 1233 1535 memoriam,
1271 1475 1511 1539 imaginem
1525 1468 1720 1517 nummis
1741 1463 1826 1510 suis
1857 1456 2044 1523 Mytile-

189 1551 341 1599 nenses
354 1550 689 1619 insculpserunt‚
723 1567 770 1603 vt
787 1553 1039 1603 Aristoteles
1051 1583 1066 1608 ,
1098 1560 1141 1599 ὃς
1157 1549 1316 1598 Pollux
1333 1542 1572 1591 meminere
1586 1571 1598 1584 .
1628 1541 1752 1585 Vnus
1766 1548 1817 1578 ex
1833 1529 1899 1575 his
1917 1542 2046 1574 num-

192 1623 277 1668 mis
294 1624 503 1686 argenteis
520 1641 572 1671 ex
589 1622 832 1670 Cardinalis
850 1622 1030 1682 Farnefij
1053 1619 1326 1670 Bibliotheca
1343 1616 1388 1661 in
1400 1614 1478 1660 hac
1495 1609 1641 1658 tabula
1658 1599 1869 1670 exprellus
1888 1596 2045 1660 est>qui

194 1692 250 1738 ab
279 1707 369 1738 vno
383 1691 512 1739 latere
551 1694 642 1741 eius
672 1693 847 1743 vultum
883 1694 1116 1759 exprimit,
1166 1689 1220 1738 ab
1246 1689 1332 1735 alio
1361 1683 1537 1746 Sepiam
1565 1676 1734 1727 Piscem
1763 1687 1864 1720 cum
1899 1665 2048 1715 litteris

195 1765 426 1814 ΜΥΤΙΛ
446 1764 506 1810 M
498 1762 791 1828 ytilenforum
806 1797 817 1808 .
870 1768 1036 1812 Herma
1052 1760 1156 1809 vero
1171 1792 1188 1816 ‚
1216 1772 1350 1819 quem
1364 1751 1570 1811 inscripto
1590 1747 1769 1792 nornine
1792 1741 2048 1791 ΣΑΠΦΩ

198 1845 440 1895 ΕΡΕΣΙΑ
469 1838 596 1890 fimul
614 1835 866 1886 exhibemus
882 1866 897 1890 a
928 1850 979 1882 ex
994 1831 1151 1899 Pyrrhi
1170 1826 1332 1895 Ligorij
1350 1828 1407 1872 V.
1424 1826 1481 1871 C.
1493 1839 1540 1871 ac
1556 1820 1610 1869 de
1628 1818 1905 1882 Antiquitate
1922 1815 2051 1864 merie

199 1922 354 1971 tissimi
370 1917 541 1970 Scliedis
557 1933 602 1964 in
619 1914 891 1981 bibliotheca
925 1911 1134 1960 Vaticana
1153 1905 1384 1954 adseruatis
1400 1900 1686 1968 depromptus
1705 1895 1788 1943 est⁹

680 2163 1593 2242 SOPHOCLES.

210 2315 466 2451 INTER
496 2377 721 2426 OMNES
751 2374 980 2423 sublimior
1012 2376 1056 2421 in
1070 2373 1208 2440 pretio
1237 2368 1295 2417 est
1313 2366 1542 2434 Sophoclis
1571 2364 1756 2432 grauitas
1774 2392 1789 2417 ,
1817 2367 1861 2407 ὃ(
1886 2359 2060 2407 cothur-

216 2470 299 2503 nus
314 2486 325 2498 .
362 2449 528 2514 Qanti
543 2465 643 2496 eum
657 2446 803 2494 fecerit
818 2448 950 2493 Maro
963 2476 976 2499 ‚
988 2444 1085 2492 satis
1099 2444 1174 2489 illo
1189 2439 1396 2489 indicatur
1411 2437 1557 2503 elogio
1572 2434 1624 2484 ad
1642 2430 1889 2500 Augustum
1906 2462 1918 2473 -

429 2519 528 2567 Sola
541 2516 758 2583 Sophocleo
775 2529 857 2563 tua
890 2516 1084 2563 carmina
1113 2512 1242 2574 digna
1269 2509 1472 2557 cothurno
1489 2540 1501 2551 .

292 2594 415 2656 Qu
430 2606 532 2636 eum
554 2587 755 2635 diuinum
772 2588 955 2635 Po’e‘tarn
970 2597 1102 2635 vocat
1117 2584 1274 2630 Cicero
1293 2613 1305 2625 .
1341 2579 1512 2627 Claruit
1527 2593 1628 2624 cum
1646 2570 1852 2638 Euripide
1895 2568 2063 2634 Olym-

224 2662 349 2731 piade
364 2660 589 2708 LXXVII·
615 2674 717 2705 cum
749 2674 840 2721 quo
856 2656 984 2704 simul
1010 2651 1295 2717 Tragoediam
1311 2648 1366 2697 ab
1395 2646 1602 2695 Aeschilo
1625 2643 1823 2694 traditam
1854 2636 2062 2686 omnibus

226 2732 418 2781 numeris
432 2727 639 2776 absoluit.
674 2729 778 2773 Haec
794 2725 1019 2791 Sophoclis
1035 2726 1182 2788 imago
1197 2722 1241 2768 in
1258 2734 1506 2767 marmoreo
1532 2716 1689 2783 clypeo
1706 2712 1870 2777 sculpta
1891 2705 2064 2755 extabat

227 2802 340 2868 apud
382 2800 613 2851 Fuluium,
639 2799 685 2843 in
715 2797 835 2843 cuius
860 2794 1052 2847 inferiori
1076 2792 1244 2841 ambitu
1274 2789 1526 2853 inscriptum
1564 2785 1622 2832 est
1646 2798 1812 2831 nomen
1840 2782 2061 2833 ΣΟΦΟ-

233 2878 429 2932 ΚΛΙ-ΙΣ
446 2908 458 2918 ·
487 2878 536 2921 In
549 2873 741 2921 eiusdem
771 2869 874 2919 vero
891 2870 1033 2939 clypei
1058 2865 1237 2916 aduerso
1265 2867 1393 2916 latere
1420 2860 1656 2914 Menandri
1691 2859 1869 2908 Comici
1900 2855 2062 2923 effigies

233 2955 509 3007 cernebatur3
535 2951 604 2998 hic
617 2946 866 2997 Comoediae
883 2978 899 3003 ,
922 2947 992 2994 ille
1006 2941 1253 3010 Tragoedia:
1270 2944 1471 3005 Princeps
1485 2971 1501 2996 .,
1517 2951 1566 2986 vt
1581 2936 1629 2983 in
1652 2931 1901 2982 Menandro
1918 2928 2058 2976 adno-²

232 3027 445 3075 tauimus·
482 3019 556 3068 Ad
581 3018 912 3084 nonagesimum
941 3017 1143 3082 quintum
1160 3014 1291 3060 aetatis
1308 3026 1472 3060 annum
1505 3001 1738 3078 perueniffe
1776 2999 2064 3066 Sophoclem„

234 3093 452 3145 scribunt,
477 3089 636 3156 quibus
650 3091 805 3136 emetis
818 3101 1014 3135 mortuus
1045 3085 1101 3133 est
1127 3081 1286 3130 infelici
1304 3078 1515 3135 succefl'u,
1538 3093 1641 3126 cum
1672 3091 1767 3125 vuae
1798 3072 1945 3118 acinus
1977 3070 2068 3116 eius

237 3166 378 3213 fauces
391 3195 404 3219 ,
430 3177 475 3208 ac
487 3160 681 3229 spiritum
692 3156 977 3208 interclufiss'et
989 3187 1000 3201 0

1234 3220 1267 3278 d
1899 3208 2000 3257 TE<-
