2336 3700
445 334 521 372 10

333 417 577 469 uersantem
597 446 609 471 ,
627 416 802 464 suorum
814 415 1064 465 sermonum
1076 410 1256 462 securim
1269 409 1496 477 appellaret
1513 440 1523 452 .
1559 404 1689 471 Ipsius
1704 404 1832 457 dieta,
1847 401 2042 468 fac’taque
2062 419 2157 450 me,

338 501 557 536 morantur
577 485 631 532 ab
647 485 802 533 eodem
819 485 1074 538 Plutarcho,
1102 492 1144 530 &
1174 482 1320 529 Probo
1334 513 1347 536 ‚
1377 493 1504 543 atque
1520 477 1543 523 εὶ
1564 477 1738 523 Valerio
1752 473 1956 521 Maximo
1976 504 1987 515 .

411 555 492 604 Sed
507 556 689 620 pretium
703 555 827 603 huius
842 571 1041 620 gemmae,
1057 569 1149 617 quae
1166 550 1398 598 Phocionis
1412 544 1732 594 similitudinem
1747 543 1886 596 refert,
1905 556 2077 604 augetur
2092 544 2159 588 in-

342 626 559 679 dustria,ac
576 623 813 672 celebritate
827 622 1008 671 artificis:
1028 621 1270 688 Pyrgotelis
1284 618 1528 681 scilicet2qui
1546 632 1645 661 cum
1657 613 1878 660 Phocione
1893 610 1983 674 ipso
1995 612 2039 656 in
2052 612 2158 657 Ale-

342 693 493 741 xandri
519 692 614 739 aula
629 693 771 741 floruit
786 726 799 750 ,
829 693 908 740 hac
924 691 1150 757 epigraphe
1167 689 1244 737 sub
1257 687 1444 753 imagine
1457 685 1672 731 adiuncta:
1691 684 2160 735 HTPFOTEAHC

344 774 652 829 EHOIHCE
695 771 924 838 Pyrgoteles
938 770 1047 839 ficit
1064 800 1076 812 .
1113 767 1229 814 cum
1259 763 1361 812 vcro
1376 776 1660 828 prototypum
1692 763 1820 826 ipsius
1844 776 2029 825 gemmae
2055 776 2160 806 ocu-

349 856 398 900 lis
416 848 694 912 contemplari
710 847 858 893 datum
877 862 966 893 non
983 845 1133 900 fuerit,
1161 840 1231 890 sed
1250 843 1453 905 citypum
1475 838 1642 887 tanturn
1658 840 1701 885 in
1716 837 1913 903 sulphure
1928 835 2040 884 haud
2063 836 2164 884 satis

344 919 575 987 expressum
591 917 946 982 spectauerimus3
981 914 1106 961 huius
1120 908 1360 961 admirandi
1376 907 1544 956 artificis
1574 909 1828 974 elegantiam
1859 905 2069 974 probare,
2099 922 2166 955 te·—

343 992 523 1055 starique
547 1003 638 1034 non
655 984 859 1033 audemus
875 1016 887 1028 ·

829 1105 1675 1198 SALLVS‘TIVS.

350 1263 486 1401 C
510 1334 648 1381 AIVS
678 1332 925 1378 CRISPVS
945 1328 1306 1380 SALLVSTIVS
1336 1329 1502 1373 Rerum
1516 1328 1817 1374 Romanarum
1834 1324 2161 1375 florentiffimus

345 1411 533 1470 Scriptor
550 1409 565 1465 (
582 1403 664 1450 hoc
691 1403 806 1448 enim
822 1397 1075 1465 praeconioa
1104 1399 1259 1445 Tacito
1285 1394 1542 1455 exornatur)
1571 1409 1638 1443 tot
1656 1396 1813 1460 ingenii
1844 1394 1906 1440 sui
1922 1394 2162 1443 laudatores

345 1474 474 1522 habet
489 1505 502 1527 ,
519 1488 627 1537 quot
650 1471 825 1518 lectores
841 1501 852 1513 .
887 1470 989 1515 Eius
1005 1468 1235 1524 Orationes
1248 1468 1293 1513 in
1321 1467 1534 1513 honorem
1552 1464 1836 1512 Historiarum
1855 1464 2163 1530 leguntur‚quo

351 1544 552 1608 praeclaro
590 1540 836 1588 testimonio
861 1538 1002 1603 ipsum
1027 1535 1148 1583 effert
1186 1539 1344 1583 Seneca
1369 1536 1537 1581 Rhetor
1560 1535 1605 1580 in
1630 1533 1711 1580 suis
1729 1533 2128 1581 Declamationibus
2147 1566 2163 1581 .

347 1617 466 1659 Cum
481 1611 642 1658 locutio
653 1610 740 1655 eius
758 1607 894 1655 breuis
907 1607 979 1661 fit,
1008 1623 1055 1653 ac
1068 1604 1246 1652 neruosa
1261 1636 1274 1659 ,
1299 1605 1444 1667 magni
1473 1604 1585 1651 illius
1614 1601 1882 1669 Thucydidis
1899 1602 2076 1651 aemulus
2090 1603 2163 1651 ha-

348 1681 468 1728 betur
489 1713 500 1724 .
526 1679 687 1726 Metuit
703 1677 845 1741 porro,
859 1692 904 1723 vt
920 1676 971 1722 de
988 1674 1039 1721 de
1056 1673 1147 1739 ipso
1163 1688 1328 1720 caneret
1345 1673 1578 1720 Martialis:

550 1749 601 1794 H
603 1748 641 1793 lc
666 1748 758 1799 erit,
773 1757 826 1793 vt
838 1743 1062 1811 perhibent,
1078 1741 1301 1789 dofforum
1318 1742 1443 1788 corda
1457 1742 1674 1798 virorum,

554 1815 725 1881 Crispus
752 1816 947 1861 Romana
958 1814 1127 1879 primus
1139 1813 1184 1860 in
1201 1810 1369 1875 historia
1382 1844 1393 1854 .

415 1890 526 1933 Non
545 1884 697 1931 desunt
712 1898 871 1936 tamen,
889 1886 963 1947 qui
981 1882 1271 1929 Sallustianam
1292 1881 1542 1928 breuitatem
1565 1881 1827 1928 obscuritatis
1844 1894 2020 1945 arguant
2036 1912 2048 1926 .
2066 1879 2165 1930 Afi-

345 1958 440 2003 nius
470 1955 638 2007 Pollio,
667 1953 766 2000 teste
797 1953 1005 1999 Suetonio
1023 1950 1074 1998 de
1090 1951 1209 1997 claris
1236 1953 1569 2003 Grammaticis,
1593 1951 1748 1996 librum
1780 1950 1969 2014 scriplit,
1999 1952 2044 1996 in
2072 1967 2164 2015 quo

345 2024 522 2083 Sallustij
539 2023 686 2085 scripta
701 2020 966 2084 reprehendit
979 2035 1025 2068 vt
1040 2022 1174 2066 nimia
1194 2020 1426 2066 verborum
1445 2018 1708 2067 affectatione
1722 2019 1853 2065 oblita
1867 2051 1877 2062 .
1892 2023 2048 2066 Seneca
2062 2019 2164 2066 Phi-

344 2093 548 2158 losophus
562 2123 574 2146 ,
596 2090 795 2153 Sallustio
815 2092 979 2153 vigente
995 2092 1067 2143 ait,
1086 2088 1624 2155 amputataefintentiae‚&
1639 2087 1769 2137 verba
1783 2100 1879 2134 ante
1892 2086 2164 2153 expec‘ffatum

347 2162 539 2209 cadentia
553 2193 566 2216 ,
598 2174 662 2216 ξφ
677 2159 847 2224 obscura
878 2158 1190 2224 breuitasfhere
1218 2171 1293 2225 pro
1312 2157 1459 2204 cultu.
1495 2189 1506 2201 .
1541 2161 1605 2203 Ex
1636 2175 1726 2222 quo
1750 2171 1919 2222 apparet
1958 2156 2162 2206 arduam,

346 2233 443 2279 sane
461 2231 537 2279 esse
565 2233 608 2277 in
635 2230 779 2289 studijs
807 2245 958 2275 omnes
978 2229 1058 2275 vna
1077 2230 1233 2293 ingenii
1264 2229 1438 2274 virtutes
1470 2227 1664 2290 colligere
1692 2245 1703 2272 :
1735 2241 1777 2273 at
1792 2226 1930 2273 multo
1951 2225 2162 2274 difficilius

344 2301 550 2347 omnibus
565 2301 726 2364 placere
744 2331 755 2342 .
795 2299 970 2358 Sallustii
989 2299 1133 2362 imago
1148 2298 1277 2362 petita
1305 2296 1361 2344 est
1393 2313 1441 2341 ex
1461 2313 1643 2342 nummo
1663 2298 1854 2342 maximo
1879 2313 1998 2342 aeneo
2015 2313 2064 2343 ex
2083 2296 2131 2356 iis
2147 2329 2162 2352 ‚

344 2386 454 2435 quos
470 2371 600 2433 vulgo
614 2369 905 2414 contorniatos
922 2381 1090 2419 vocant,
1105 2370 1147 2411 in
1164 2365 1381 2413 Thesauro
1392 2366 1556 2430 Inclytc=
1571 2364 1782 2425 Christine
1798 2366 1971 2429 Reginae
1984 2382 2083 2413 cum
2099 2367 2163 2413 in-

342 2438 911 2502 scriptionezSALVSTlVS
932 2437 1213 2484 AVCTOR.
1233 2440 1378 2498 Qem
1392 2451 1622 2481 nummum
1636 2430 1869 2497 perculsum
1884 2433 2002 2481 fuisse
2019 2436 2158 2481 multo

348 2508 440 2573 post
456 2506 630 2564 Sallustij
648 2519 815 2553 :etatem
831 2537 844 2560 ,
858 2520 1005 2570 praeter
1023 2506 1220 2552 caelaturae
1237 2504 1424 2551 formam
1437 2535 1451 2558 ,
1467 2517 1579 2568 patet
1597 2521 1645 2547 ex
1662 2504 1783 2550 vnica
1800 2504 1933 2548 littera
1946 2505 1995 2549 l..
2012 2504 2055 2550 in
2072 2505 2161 2553 eius

346 2573 661 2623 nomineincisa
681 2605 693 2627 ,
723 2591 819 2621 cum
837 2592 932 2621 eam
950 2577 1215 2638 ingeminent
1244 2574 1534 2636 inscriptiones
1551 2588 1701 2617 omnes
1736 2571 1929 2618 Sallustio
1951 2589 2135 2636 aequeuae
2151 2606 2165 2619 .

349 2651 469 2694 Patet
481 2648 606 2692 etiam
635 2662 683 2690 ex
697 2644 821 2689 titulo
854 2647 1122 2691 AVCTOR
1138 2674 1152 2698 2
1180 2660 1278 2688 cum
1302 2642 1388 2708 ipse
1406 2641 1617 2689 Sallustius
1636 2643 1680 2688 in
1711 2643 1940 2687 Prooemio
1953 2643 2058 2687 Belli
2079 2645 2164 2689 Ca-

348 2715 515 2773 tilinarij
547 2713 774 2759 discrimen
792 2711 913 2759 faciat
940 2715 1048 2758 inter
1063 2716 1272 2759 Auctores
1288 2742 1301 2765 ,
1331 2720 1372 2758 ὃ(
1399 2711 1629 2773 Scriptores
1642 2728 1783 2757 rerum
1796 2741 1809 2764 a
1825 2724 1871 2757 vt
1887 2709 2067 2758 aduertit
2086 2714 2163 2758 Fa-

351 2783 422 2829 ber
443 2801 453 2827 :
483 2787 542 2830 At
559 2782 663 2828 mihi
673 2780 845 2847 quidem
862 2813 875 2836 ,
893 2782 1059 2845 tametfi
1084 2780 1421 2845 haudquaquam
1445 2791 1523 2844 par
1538 2779 1676 2840 gloria
1675 2778 1888 2844 fiquatur
1912 2778 2160 2845 Scriptorem

350 2867 414 2908 ἐφ’
425 2850 653 2899 Auc‘hrem
673 2868 812 2897 rerum
827 2882 839 2905 ,
855 2864 997 2898 tamen
1009 2851 1055 2897 in
1063 2851 1214 2914 primis
1229 2848 1418 2895 arduum
1435 2848 1635 2902 videtur,
1649 2865 1708 2896 res
1712 2846 1841 2911 gestas
1859 2845 2038 2911 scribere
2055 2881 2067 2893 .
2106 2854 2162 2896 C.

346 2921 521 2983 Crispus
538 2921 750 2967 Sallustius
778 2935 904 2966 natus
931 2920 987 2967 est
1008 2921 1223 2966 Amiterni
1237 2922 1280 2964 in
1317 2917 1482 2964 Sabinis
1502 2935 1514 2973 3
1551 2931 1744 2965 mortuus
1763 2917 1864 2964 vero
1882 2916 2163 2980 quadriennio

347 3004 442 3037 ante
465 2989 623 3035 bellum
644 2991 813 3035 Attiacr'i
833 3021 842 3032 .
856 2993 1016 3036 Hortos
1033 2987 1179 3035 habuit
1197 2986 1499 3034 excultiffimos
1516 2991 1661 3048 Rome
1677 2989 1720 3035 in
1734 2986 1962 3049 Qrinali,
1976 3003 2162 3048 quorum

349 3056 665 3122 magnificentia
681 3060 722 3104 in
737 3058 953 3105 ruderibus
967 3058 1102 3105 adhuc
1115 3055 1324 3104 duratzsed
1347 3058 1454 3103 inter
1475 3058 1681 3104 maximas
1703 3055 1868 3103 diuitias
1884 3055 1964 3103 sure
1980 3058 2162 3116 Preturae

1929 3125 2091 3172 Numi-
