2336 3700
873 474 1644 542 EVCL-IDES.

338 652 454 793 E
470 721 727 774 VCLIDES
752 717 1013 784 Megarenfis
1031 716 1316 782 Philosophus
1329 717 1563 766 Socraticus
1579 748 1591 761 .
1627 715 1698 761 De
1717 711 1809 777 ipso
1826 712 1978 759 Strabo
1997 715 2155 779 Mega7

340 795 524 846 renlium
537 792 701 842 Vrbem
717 788 953 836 describens
971 806 981 833 ,·
999 786 1174 833 Habuit
1190 787 1424 852 aliquando
1437 787 1566 836 etiam
1579 783 1770 833 Scholam
1785 780 2144 848 Philosophorum,

339 865 419 932 qui
433 862 640 927 Megarici
650 856 899 905 dicebantur
913 887 928 912 ‚
955 861 982 904 S
988 854 1196 922 accessores
1211 856 1408 904 Euclidis
1413 859 1560 924 patria
1576 857 1634 902 M
1636 851 1825 916 egarensis
1841 884 1852 895 .
1875 853 1950 935 {rb
1968 871 2038 907 eo,
2049 850 2153 899 teste

342 945 476 992 etiam
509 939 708 991 Laertio,
737 935 951 999 Megarici
978 934 1243 982 denominati
1268 931 1365 980 sunt
1392 963 1406 989 ,
1440 934 1516 998 qui
1545 931 1690 997 postea
1718 928 1932 999 Efmum,
1963 918 2161 999 postem&

339 1011 567 1063 Dialeffici
584 1040 596 1052 .
625 1003 786 1053 Idcirco
801 1011 842 1051 δε
858 1004 1024 1052 Timon
1045 1004 1168 1051 illum
1182 1001 1431 1058 mordebat,
1442 1002 1560 1068 quod
1577 1000 1900 1067 Megarensibus
1919 1003 2164 1054 contentio-7

342 1082 409 1130 nis
423 1078 586 1127 rabiem
600 1075 806 1123 inuexerit
818 1104 830 1117 ο

410 1144 601 1195 Euclidis
633 1145 781 1208 imago
829 1143 966 1207 capite
1003 1140 1224 1207 palliolato
1250 1140 1272 1187 ἓι
1299 1139 1622 1207 Megarenfibus
1649 1138 1703 1188 ad
1735 1155 1922 1206 perenne
1949 1129 2164 1184 studium..

350 1216 460 1267 ‘adeo
476 1213 642 1263 illustris
655 1229 701 1258 ac
714 1211 1024 1260 benemerentis
1045 1212 1150 1258 ciuis
1166 1213 1210 1257 in
1221 1227 1328 1258 aereo
1343 1227 1529 1259 nummo
1547 1207 1728 1276 expressa
1743 1210 1800 1257 est
1815 1241 1828 1265 ‚
1858 1225 1958 1255 cum
1987 1203 2167 1267 Epigra-

343 1287 430 1362 ‘phe
460 1286 832 1337 MEFAPEQN
851 1288 1166 1351 Megarensium
1183 1322 1195 1334 .
1214 1287 1405 1335 Euclidis
1418 1288 1521 1336 vero
1537 1303 1700 1336 nomen
1713 1288 1757 1333 in
1775 1286 1869 1352 ipso
1897 1298 2083 1333 nummo
2111 1277 2166 1325 fi·-⁸

345 1377 528 1430 gnatum
555 1379 646 1410 non
661 1359 748 1416 est,
772 1374 820 1409 vt
834 1358 901 1419 alij
919 1359 1089 1405 nummi
1120 1358 1346 1406 Illustrium
1361 1356 1596 1422 aliquando
1629 1358 1759 1404 etiam
1777 1356 1961 1404 aliorum
1988 1349 2170 1399 nomina

345 1433 498 1488 silent,
523 1446 571 1480 vt
588 1431 642 1479 de
659 1434 827 1485 Arato,
853 1428 1121 1492 &Cratippo
1137 1426 1259 1493 supra
1274 1425 1462 1475 vidimus
1480 1460 1490 1471 .
1529 1430 1757 1474 Nummus
1786 1424 1873 1490 ipse
1901 1426 1946 1471 in
1976 1420 2170 1488 postica..

346 1499 529 1567 figuram
543 1498 809 1567 gradientem
825 1496 949 1546 refert
967 1513 1068 1542 curn
1084 1498 1230 1544 litteris
1260 1496 1464 1544 vetustate
1490 1496 1617 1543 exefis
1638 1528 1648 1540 .
1666 1493 1985 1542 Adseruabatur
2000 1492 2106 1538 olim
2125 1487 2174 1563 in

345 1570 541 1636 preclaro
569 1565 1211 1633 FrancisciAngeloniMuseo,
1228 1564 1329 1613 inde
1355 1565 1514 1626 tranfijt
1539 1564 1591 1612 ad
1622 1564 1954 1613 pinacothecam
1984 1553 2165 1607 Camilli

343 1639 536 1688 Maximi
547 1637 787 1686 Cardinalis
801 1667 816 1693 ,
830 1653 881 1683 ex
893 1652 978 1702 qua
992 1651 1092 1683 cum
1107 1636 1280 1702 reliquis
1311 1633 1600 1684 selectim-ibus
1629 1635 1822 1682 nummis
1837 1631 2011 1680 tandem
2029 1624 2157 1676 Chri-

347 1707 462 1756 stinae
474 1707 656 1774 Reginae
670 1705 891 1757 Thesauro
905 1703 1075 1755 acceffit
1091 1734 1106 1769 q

877 1918 1652 1986 HERACLITVS.

349 2041 494 2181 H
512 2114 906 2166 ΡΑΚΛΕΙΤΟΣ
925 2113 1314 2167 ΒΛΥΣΩΝΟΣ
1339 2112 1637 2163 ΕΦΕΣΙΟΣ
1663 2116 1898 2165 Heraclitus
1912 2117 2111 2184 Blysonis
2122 2116 2174 2167 fi-

356 2192 441 2238 lius
465 2190 674 2257 Ephesius
703 2189 858 2237 librum
874 2189 1032 2253 scripfit
1051 2188 1103 2235 de
1132 2191 1298 2235 Rerum
1329 2188 1496 2235 Natura
1513 2218 1527 2241 ‚
1556 2187 1731 2234 afferens
1759 2204 1808 2232 ex
1832 2188 1932 2252 igne
1948 2186 2173 2235 constared

352 2258 508 2306 'omnia
533 2290 549 2315 ,
581 2262 846 2326 &inignem
875 2258 1056 2306 resolui.
1091 2262 1240 2317 Quem
1266 2256 1424 2304 librum
1451 2256 1504 2302 ne
1527 2255 1582 2302 ab
1608 2254 1825 2315 ineruditis
1849 2258 2055 2322 legeretur
2075 2287 2089 2310 ,
2122 2275 2173 2304 ac

354 2327 766 2393 'vulgocontemptui
780 2328 905 2382 foret,
916 2345 988 2392 per
1002 2328 1225 2392 aenigmata
1240 2325 1467 2373 obscurum
1480 2323 1662 2373 reddidit
1676 2355 1691 2380 ,
1717 2341 1764 2371 ac
1780 2327 1824 2371 in
1837 2326 2004 2389 templo
2026 2326 2168 2389 Ephe-

356 2394 425 2444 fiae
441 2399 489 2441 D
503 2397 607 2444 ianae
624 2399 766 2462 posuit
777 2429 790 2452 ‚
805 2396 917 2445 vnde
933 2401 1083 2444 Crates
1099 2395 1277 2461 quidam
1290 2397 1480 2448 amoust,
1492 2408 1618 2458 atque
1632 2395 1674 2440 in
1688 2395 1899 2442 Graeciam
1911 2394 2168 2459 asportauit.'

358 2463 555 2517 Tantam
573 2466 672 2513 inde
689 2468 924 2516 Heraclitus
940 2469 1120 2533 gratiam
1136 2466 1374 2531 promeruit
1388 2494 1402 2519 ‚
1431 2477 1477 2512 vt
1493 2462 1714 2510 sectatores
1727 2462 1920 2510 habuerit
1932 2494 1945 2518 ‚
1975 2465 2052 2527 qui
2078 2467 2169 2510 He-

357 2533 507 2595 'raclitij
524 2535 860 2600 appellarentur.
897 2535 1062 2582 Claruit
1076 2536 1182 2581 circa
1198 2537 1340 2582 LXIX
1355 2566 1367 2578 .
1381 2531 1696 2599 Olympiadem
1712 2563 1726 2586 ,
1756 2531 1928 2596 eiusque
1954 2534 2099 2597 imago
2117 2533 2171 2579 ex‘

360 2618 606 2652 marmoreo
629 2603 773 2651 herma
786 2603 898 2669 apud
915 2607 1132 2669 Magnum
1147 2605 1320 2651 Etruriae
1335 2606 1531 2658 Ducem,
1556 2600 1777 2666 desumpta
1794 2600 1875 2649 fuit
1889 2631 1905 2657 ‚
1933 2603 2000 2650 cui
2015 2601 2167 2650 similis

357 2672 405 2721 in
419 2672 578 2722 anulari
590 2690 766 2740 gemma
782 2672 943 2739 Iaspide
960 2672 1072 2739 apud
1087 2674 1287 2721 Fuluium
1300 2671 1500 2722 Vrfinum
1524 2669 1734 2720 visebatur
1752 2700 1763 2714 .

1903 3019 2097 3068 HERAQ
