2336 3700
1787 360 1865 428 15

146 444 199 493 ad
214 443 417 510 sphaeram
434 445 644 493 columna:
672 445 794 511 super
809 445 1053 512 impolitam
1066 444 1336 495 admonentis
1350 477 1365 502 ,
1393 447 1550 499 sinistra
1566 452 1746 500 tenentis
1759 456 1926 521 virgam
1939 485 1956 512 ,

149 532 233 580 qua
251 513 339 580 ipse
374 515 585 562 stellarum
601 515 784 582 spatium
807 524 849 563 ἃ
868 516 1083 562 distantias
1113 515 1434 564 dimetiebatur.
1473 521 1577 568 Eius
1607 521 1811 589 dogmata
1826 555 1839 578 ,
1851 541 1954 588 prae-

141 583 262 650 stigia
276 615 291 640 ,
313 601 360 631 ac
373 601 512 631 mores
530 585 552 631 :i
570 586 715 632 multis
732 585 993 640 referuntur;
1022 586 1067 632 in
1097 586 1376 633 Astronomia
1402 588 1503 635 vero
1526 590 1718 638 laudatur
1736 593 1757 638 εἰ
1775 593 1922 640 Plinio
1938 623 1953 647 ,

138 654 214 701 vbi
239 656 327 719 agit
340 653 392 701 de
417 667 563 701 natura
589 654 768 702 siderum
786 657 1046 708 errantium,
1087 653 1228 720 deque
1245 672 1394 703 eorum
1426 672 1547 705 motu
1563 691 1574 703 .
1601 659 1800 709 Tandem
1828 661 1951 710 valde

137 723 261 771 senex
280 755 294 780 ,
319 740 433 771 anno
445 754 458 779 ,
475 738 521 772 vt
535 724 740 779 creditur,
756 726 886 772 fetatis
902 724 982 772 suae
1000 723 1279 790 nonagesimo
1295 727 1542 791 Metaponti
1558 728 1667 790 obijt
1687 761 1697 772 .

799 941 1357 1008 RVSTICVS.

131 1046 248 1183 L
263 1123 386 1167 VCII
413 1122 521 1182 Iunij
539 1122 699 1171 Rustici
726 1123 976 1192 Philosophi
994 1129 1124 1176 Stoici
1144 1129 1345 1175 meminit
1358 1128 1424 1176 his
1438 1127 1579 1176 verbis
1607 1131 1881 1194 Capitolinus
1904 1134 1947 1180 in

133 1192 222 1237 vita
240 1191 379 1238 Marci
410 1193 604 1254 Aurelij:
631 1194 908 1260 Peripatetica
938 1201 1040 1245 verb
1070 1198 1289 1264 studiosias
1317 1197 1494 1244 audiuit
1539 1198 1779 1245 Claudium
1822 1205 1944 1249 Seue-

135 1276 261 1312 rum,
292 1261 568 1327 &praecipcaeh
588 1263 774 1310 Iunium
791 1264 1017 1329 Rusticum
1036 1298 1049 1322 ,
1065 1284 1189 1332 quem
1206 1282 1270 1323 ξφ
1287 1266 1557 1331 reueritusest
1571 1299 1585 1322 ,
1597 1267 1950 1334 &ſsaffacus,qui

128 1327 249 1376 domi
259 1328 506 1395 militiaeque
514 1331 702 1397 pollebat
715 1363 729 1386 ,
749 1334 891 1381 Stoicae
904 1334 1130 1401 disciplina?
1146 1335 1566 1401 peritiffimum,cum
1584 1353 1668 1401 quo
1684 1342 1827 1384 omnia
1839 1356 1952 1385 com-

128 1398 376 1445 municauit
387 1399 588 1464 publtca,
611 1405 870 1468 priuataque
894 1406 1093 1471 consilia3
1125 1406 1196 1452 cui
1223 1409 1352 1452 ettam
1382 1418 1479 1451 ante
1504 1405 1716 1471 Praeftcf'i'os
1754 1409 1952 1455 Praetorio

117 1467 287 1535 semper
313 1467 506 1533 <fialam
528 1470 674 1526 dedit,
701 1488 827 1537 quem
856 1487 921 1529 ξφ
947 1476 994 1523 in
1023 1475 1250 1540 Corfitlem
1282 1476 1439 1522 iterum
1467 1473 1698 1537 defignauit
1724 1507 1738 1530 ‚
1769 1478 1842 1524 cui
1866 1475 1951 1541 post

128 1536 296 1584 obitum
312 1537 339 1583 ἂ
350 1539 682 1603 Senatustatuas
699 1540 936 1608 postulauit
952 1576 963 1588 .
999 1544 1200 1592 Tantum
1216 1557 1358 1592 autem
1373 1545 1537 1591 honoris
1550 1547 1607 1591 M
1610 1542 1768 1608 agistris
1766 1545 1868 1609 fitis
1880 1545 1951 1590 de-

130 1607 264 1663 tulit,
290 1619 344 1657 vt
356 1609 555 1672 imagines
568 1626 712 1659 eorum
725 1628 873 1659 aureas
887 1613 932 1660 in
949 1616 1126 1661 Larario
1157 1616 1344 1673 haberet,
1384 1630 1434 1661 ac
1466 1613 1659 1679 epulchra
1688 1630 1833 1663 eorum
1848 1614 1948 1662 adi-

132 1690 183 1727 tu
200 1707 214 1733 ,
242 1677 400 1745 hostq's,
424 1694 490 1737 ξφ·
523 1678 1129 1749 floribussemperhonoraret·

781 1900 1301 1969 SENECA.

126 2026 244 2163 L
257 2103 432 2150 VCIVS
447 2102 635 2148 Annaeus
650 2102 807 2147 Seneca
829 2099 1037 2148 Corduba
1053 2099 1234 2149 Patricia
1248 2104 1554 2151 Romanorum
1568 2105 1757 2153 Colonia
1777 2138 1791 2162 ,
1816 2127 1947 2176 eque-

127 2172 197 2215 stri
228 2169 390 2218 familia
410 2185 526 2218 ortus
541 2201 554 2224 ,
568 2187 719 2217 omnes
735 2170 798 2217 sui
817 2173 1022 2235 temporis
1037 2170 1239 2237 sapientiai
1252 2170 1485 2235 superauit.
1500 2177 1609 2221 Puer
1626 2179 1820 2224 Romam
1853 2196 1948 2244 per-

126 2239 237 2286 latus
250 2273 264 2297 ,
288 2241 413 2288 initio
431 2243 465 2287 P
471 2239 766 2306 ythogoraeam
783 2270 797 2295 ,
813 2237 1090 2306 postmodum
1108 2240 1296 2288 Stoicam
1311 2239 1576 2306 disciplinam
1591 2246 1809 2309 amplexus
1825 2278 1838 2301 ,
1852 2249 1946 2300 turn

127 2306 331 2358 dostrinae
345 2341 359 2365 ,
383 2309 477 2357 tum
494 2308 744 2376 frugalitatis
761 2341 776 2364 ,
807 2324 936 2374 atque
951 2309 1209 2358 abstinentiae
1227 2311 1470 2375 optimique
1496 2311 1748 2378 Philosophi
1779 2317 1946 2368 iuuenis

127 2376 265 2426 adhuc
279 2379 494 2445 specimen
512 2378 652 2426 dedit.
680 2377 911 2428 Meffalinae
936 2379 1047 2425 dolis
1074 2377 1295 2426 aClaudio
1310 2381 1354 2426 in
1369 2379 1586 2428 Corficam
1601 2384 1743 2449 pulsus
1773 2387 1947 2437 exilium

125 2448 460 2498 constantiffime
490 2449 617 2504 tulit,
644 2448 930 2513 intentiusque
948 2447 1235 2513 Philosophiae
1251 2464 1435 2505 vacans,
1470 2451 1578 2500 inter
1608 2470 1656 2499 ca
1687 2454 1823 2509 mala,
1853 2475 1948 2523 quae

131 2519 238 2565 alios
269 2518 445 2567 miseros
473 2519 660 2574 faciunt,
689 2517 855 2566 felicem
869 2517 935 2573 se,
962 2517 1220 2583 beatumque
1240 2518 1408 2566 exulem
1441 2518 1547 2568 dixit
1577 2553 1590 2565 .
1630 2526 1804 2570 Ostauo
1834 2528 1946 2587 exili)¹

129 2587 193 2636 sui
218 2605 332 2636 anno
353 2588 499 2637 fauore
527 2590 778 2654 Agrippinae
795 2591 839 2636 in
856 2587 1020 2645 Vrbem
1045 2586 1255 2641 reuersuS,
1290 2587 1580 2637 adolescentiae
1613 2592 1835 2658 regendae‚
1867 2595 1947 2643 do-

127 2656 360 2723 cendaeque
377 2660 569 2706 Neronis
585 2658 764 2705 Caesaris
794 2657 851 2705 est
878 2656 1000 2704 datus
1016 2687 1029 2711 ,
1059 2659 1133 2723 qui
1152 2657 1293 2724 postea
1318 2658 1362 2705 in
1388 2660 1575 2724 Imperio
1589 2659 1814 2708 succedens
1830 2695 1844 2719 ,
1874 2668 1946 2712 Se-

129 2743 244 2775 necae
259 2727 455 2775 institutis
471 2727 581 2776 felici
598 2729 895 2794 quinquennio
912 2729 1131 2793 Populum
1143 2731 1396 2775 Romanum
1412 2730 1544 2775 rexit.
1562 2731 1864 2795 Voluptatibus
1881 2737 1945 2782 in—

128 2796 185 2844 de
211 2827 227 2852 ,
258 2816 304 2844 ac
337 2799 618 2863 pessimorum
654 2798 948 2844 aflentatorum
966 2800 1091 2845 Nero
1118 2810 1339 2862 corruptus
1369 2796 1698 2854 blandimentis,
1736 2799 1945 2868 bonisque

136 2867 340 2915 omnibus
355 2866 549 2916 aduersus
567 2867 687 2933 ,post
702 2869 878 2923 matris,
907 2866 1125 2933 fratrisque
1153 2866 1283 2914 scelus
1308 2868 1352 2913 in
1376 2870 1686 2931 Praeceptorem
1702 2868 1856 2933 saeuijt,
1882 2877 1946 2939 ip-

132 2933 313 3000 sumque
326 2937 379 2985 ad
400 2952 582 2986 mortem
595 2937 803 3003 compulit
822 2969 834 2980 .
870 2935 998 2984 Adeo
1023 2937 1124 2985 vero
1152 2935 1326 2983 firmiter
1341 2938 1498 2983 Seneca
1525 2940 1654 2986 morti
1681 2939 1836 2989 obuius
1873 2960 1947 2990 oc-

132 3006 259 3052 currit
277 3041 290 3063 ,
318 3021 367 3054 vt
391 3006 579 3074 glorioso
595 3007 834 3054 constantiae
851 3006 1048 3072 exemplo
1076 3020 1279 3072 praecepta
1304 3003 1516 3071 sapientiae
1544 3005 1769 3056 aduersum
1800 3013 1945 3059 immi-

131 3077 276 3125 nentia
300 3077 639 3132 confirrnauerit,
666 3075 870 3143 festisque
901 3077 1020 3124 venis
1051 3075 1382 3142 pulcherrimam
1399 3077 1494 3127 vitae
1505 3079 1604 3125 21stae
1627 3079 1864 3144 imaginem
1882 3099 1945 3129 re-

1739 3148 1875 3214 lique-
