2336 3700
930 451 1636 519 CHRYSIPPVS.

378 586 515 726 C
535 651 862 706 HRYSIPPVS
889 645 1071 694 Solenfis
1088 647 1254 694 Zenoni
1268 676 1282 700 ‚
1300 653 1345 693 δε
1362 646 1531 695 Cleanti
1543 648 1586 697 in
1602 650 1755 696 Stoicae
1774 647 2066 713 Philosophia:
2079 645 2200 693 scho-

377 731 418 776 la
443 726 635 775 successit
652 755 663 765 .
681 725 752 768 De
771 718 863 784 ipso
877 749 890 771 ,
910 717 1047 781 deque
1065 717 1320 763 Philemone
1334 746 1348 768 ⁷
1373 733 1420 762 ac
1435 721 1573 763 Arato
1586 748 1598 772 ‚
1616 720 1690 783 qui
1706 719 1815 767 Solis
1828 749 1842 772 ‚
1858 717 1942 765 siue
1964 719 2202 780 Pompeio-

377 798 469 864 poli
489 797 666 842 floruere
689 820 704 844 a
721 787 900 836 Strabo:
927 785 1120 833 Protulit
1146 784 1225 831 haec
1241 783 1353 830 Vrbs
1379 785 1611 850 praeclaros⁴
1630 788 1747 834 viros
1778 787 2055 853 Chrysippum
2089 786 2205 831 Soti-

381 883 481 913 cnm
509 857 804 927 Philosophum
839 887 853 911 ,
902 855 1024 901 cuius
1036 866 1159 919 pater
1181 852 1318 917 Tasfi)
1343 853 1440 902 inde
1463 857 1840 919 commigrauerat,
1879 868 1976 902 tum
1994 853 2204 901 Philemo—

378 952 476 984 nem
512 933 741 980 Comitum
757 928 930 973 Portam
949 956 961 979 ,
979 938 1043 979 ω’
1060 928 1274 976 Aratum,
1301 925 1380 986 qui
1405 923 1615 986 versibus,
1647 941 1739 990 quae
1751 926 1797 972 in
1817 926 1945 972 Coelo
1971 923 2180 990 vsscnmr
2201 951 2217 977 ‚

378 1002 585 1070 defiripstt
603 1033 614 1043 .
651 1001 756 1044 Haec
785 997 930 1060 imago
945 992 1176 1059 Chrysippi
1193 1011 1243 1039 ex
1270 1007 1456 1041 nummo
1471 1009 1580 1040 aereo
1593 1025 1608 1049 ,
1633 995 1739 1041 olim
1758 994 1871 1060 apud
1886 994 2089 1041 Fuluium
2109 1023 2122 1047 ,
2141 1008 2213 1038 ex-

380 1071 508 1139 pressa
524 1069 719 1124 est‚cuius
736 1081 830 1131 pars
851 1068 977 1111 altera
997 1077 1121 1128 caput
1135 1062 1257 1111 Arati
1274 1060 1468 1110 exhibet.
1487 1062 1628 1127 Ipsam
1646 1063 1980 1110 Ioannes-Faber
1992 1062 2216 1110 Philemo-

381 1145 428 1190 ni
443 1155 580 1206 poetae
598 1153 719 1185 nouae
739 1132 965 1182 Comediae
996 1132 1144 1179 tribuit
1159 1151 1173 1189 3
1206 1130 1278 1178 sed
1306 1132 1415 1178 ratio
1440 1134 1609 1187 maior,
1635 1140 1678 1180 δ(
1704 1131 1889 1199 dignitas
1901 1131 2056 1198 probat
2071 1132 2218 1195 Chry-

382 1211 550 1278 sippum
566 1207 774 1256 eximium
801 1202 1114 1267 Philosophum
1133 1232 1147 1256 ,
1172 1200 1226 1247 ab
1259 1198 1414 1247 eodem
1433 1202 1700 1267 Geographo
1716 1204 1762 1249 in
1777 1203 2102 1250 enumeratione
2113 1202 2218 1247 nlu-

383 1282 531 1330 strium
548 1310 562 1335 ,
576 1276 717 1344 primo
734 1273 972 1327 laudatum,
989 1285 1117 1336 atque
1130 1268 1154 1316 εὶ
1169 1269 1411 1318 Solensibus
1425 1302 1440 1327 ,
1456 1271 1541 1318 siue
1559 1272 1921 1337 Pompeiopolitis
1934 1273 1979 1318 in
1993 1269 2077 1318 suis
2093 1285 2222 1318 num·-

383 1352 467 1399 mis
479 1362 688 1413 tanquam
716 1345 852 1392 maius
867 1343 1009 1409 patriae
1039 1352 1376 1395 ornamentum,
1404 1339 1634 1405 posteritati
1663 1339 1869 1389 traditum
1887 1373 1899 1384 .
1934 1343 1985 1387 In
2017 1355 2103 1402 qua
2118 1338 2214 1385 sen-

385 1419 518 1467 tentia
552 1415 848 1463 auctoritatem
886 1411 1104 1476 sequimur
1120 1408 1190 1456 Cl.
1220 1412 1276 1457 V.
1290 1409 1526 1458 Ezechielis
1551 1410 1800 1477 Spanhemij
1832 1412 1900 1458 De
1933 1406 2221 1457 Praeliamm„

387 1487 444 1538 N
449 1487 621 1553 umtsm
636 1483 859 1550 ipsamque
881 1479 1061 1546 probare
1078 1476 1246 1526 videtur
1275 1478 1459 1526 Panium
1485 1479 1870 1545 Philosophicum,
1898 1496 1950 1525 ex
1969 1495 2060 1542 quo
2075 1477 2224 1543 Chry-

385 1557 529 1622 sippus
571 1570 753 1603 manum
776 1552 935 1606 exerit,
961 1562 1108 1597 caetera
1160 1547 1393 1595 obuolutus
1409 1579 1424 1604 ,
1453 1550 1602 1605 vultu,
1628 1567 1675 1598 ac
1698 1548 1816 1614 gestu
1840 1547 1894 1596 ad
1923 1547 2050 1595 instar
2079 1546 2220 1594 medi-

384 1629 511 1675 tantis
528 1658 540 1671 .
578 1624 883 1674 Philemonem
896 1619 998 1669 vero
1013 1616 1241 1684 SyracusiS‚
1256 1634 1344 1664 non
1361 1618 1473 1666 Solis
1490 1649 1505 1674 ,
1521 1635 1672 1668 natum
1688 1619 1832 1666 scribit
1847 1616 2001 1665 Suidas
2017 1648 2033 1672 ,
2053 1632 2220 1681 atque&

386 1713 551 1758 Herma
567 1705 727 1753 indicat
739 1705 792 1752 ab
807 1699 961 1751 eodem
977 1699 1116 1747 Fabro
1137 1697 1305 1752 relatus,
1318 1714 1419 1745 cum
1436 1697 1711 1765 inscriptione
1725 1691 2074 1743 ΦΙΛΗΜΩΝ
2101 1693 2221 1741 ΔΑ-

388 1782 650 1836 ΜΟΝΟΣ
683 1774 1132 1830 ΣΥΡΑΚΟΣΙΟΣ
1151 1810 1162 1822 .
1194 1777 1425 1825 Philemon
1436 1779 1657 1826 Damonis
1674 1782 1917 1849 Syracusius
1931 1812 1946 1825 .

911 1953 1704 2032 DEMOCRITVS.

392 2061 528 2200 R
546 2139 680 2183 Erum
709 2132 912 2182 omnium
939 2119 1198 2195 principium
1216 2127 1408 2170 Atomos
1424 2116 1505 2169 ess'e
1528 2122 1773 2169 innumeras
1801 2118 2001 2174 afferebat
2030 2129 2206 2175 Demo-

392 2206 522 2250 critus
548 2204 781 2269 3idemque
795 2219 858 2249 res
875 2200 1083 2247 humanas
1094 2194 1310 2247 deridens,
1331 2207 1482 2239 omnes
1507 2190 1687 2238 fortunae
1707 2190 1822 2239 casus
1838 2223 1854 2248 ,
1877 2203 1921 2242 δε
1949 2198 2210 2245 mutationes

393 2276 654 2323 Mortalium
668 2273 881 2319 cachinnis
897 2265 1157 2333 excipiebat.
1183 2260 1481 2328 Qareiocoso
1499 2263 1807 2326 epigrammate
1838 2263 1892 2312 fic
1905 2263 1959 2311 ad
1983 2268 2069 2313 eius
2097 2267 2204 2312 ima-

395 2345 544 2411 ginem
567 2341 710 2388 ludere
732 2343 856 2387 licet:

468 2411 718 2460 stultitiam
746 2410 938 2456 humanae
968 2404 1075 2454 rides
1095 2401 1332 2451 Democrito
1348 2401 1451 2450 vitae
1465 2431 1481 2456 ‚

539 2481 601 2526 Et
612 2495 734 2525 curas
760 2478 983 2525 hominum
1008 2472 1155 2538 risibus
1171 2471 1344 2537 affiduis
1365 2504 1377 2515 .

467 2553 530 2601 At
558 2549 667 2614 risus
697 2548 908 2595 moderare
924 2559 1046 2599 tuos,
1077 2541 1247 2608 &fiste
1258 2540 1513 2607 parumper,¹

539 2624 798 2668 Innumeras
826 2616 955 2663 donec
990 2615 1230 2662 dinumeres
1256 2623 1417 2658 atomos
1438 2643 1450 2654 .

398 2690 711 2739 Democritum
741 2696 785 2735 &
816 2685 1082 2733 Heraclitum
1114 2713 1130 2737 ‚
1158 2683 1337 2728 alterum
1374 2679 1585 2728 ridentem
1604 2711 1618 2737 ,
1661 2681 1840 2728 alterum
1874 2681 2122 2747 plorantem
2149 2702 2219 2735 res

394 2762 619 2809 humanas·
647 2756 812 2805 inducit
844 2757 1056 2803 Lucianus
1085 2754 1131 2798 in
1161 2753 1358 2818 Dialogo
1381 2781 1397 2805 ,
1425 2753 1492 2797 cui
1523 2751 1668 2799 titulus
1696 2751 1778 2798 est:
1818 2753 1865 2797 V
1864 2751 2030 2800 iturum
2061 2751 2174 2802 afflio
2201 2761 2218 2802 .’

395 2833 522 2877 Hanc
551 2828 653 2876 vero
688 2825 933 2875 Democriti
962 2823 1200 2887 imaginem
1225 2840 1275 2868 cx
1303 2837 1477 2886 gemma
1500 2824 1689 2886 Onyce,
1713 2819 1799 2869 fiue
1829 2821 1984 2869 Cameo
2000 2823 2216 2874 Leonardi

398 2899 624 2965 Augustini
638 2897 906 2961 desumptam
918 2894 1139 2941 exibemus
1168 2926 1179 2937 .

2008 3030 2147 3078 mo-
