2336 3700
673 528 1312 594 LYSIAS.

94 654 574 791 ATTICARVM
609 726 1126 775 ELEGANTIARVM
1169 728 1334 772 Venere
1374 716 1596 785 conspersa
1639 718 1772 785 Lyfiae
1799 725 1909 768 Ora-

92 800 154 843 tio
172 826 186 849 ‚
213 813 261 842 ac
291 796 460 862 prorsus
489 796 659 861 augusta
685 795 890 851 habetur,
922 798 966 843 in
993 813 1128 860 eaque
1147 796 1301 858 vigor,
1321 809 1367 838 ac
1395 793 1554 856 puritas
1572 789 1764 853 apprime
1790 808 1910 837 com-

96 863 322 912 mendatur
342 885 353 912 :
375 866 502 930 quare
515 864 860 931 praedecefforum
872 870 1112 912 Oratorum
1125 894 1139 918 ‚
1154 881 1201 910 ac
1217 878 1367 908 eorum
1383 892 1396 915 ,
1418 861 1493 926 qui
1519 857 1591 905 sua
1608 871 1726 906 aetate
1741 889 1756 913 ,
1793 860 1916 906 flore-

93 935 197 982 bant
221 964 236 989 ‚
270 950 449 1000 excepto
477 952 568 985 vno
594 933 890 983 Demosthene
915 966 928 990 ,
952 934 1140 999 gloriam
1167 929 1407 979 obscurauit
1425 962 1437 973 .
1472 929 1555 977 Hic
1578 927 1634 974 cst
1653 925 1818 992 Lysias,
1843 929 1917 992 qui

92 1016 250 1050 vocato
288 1005 334 1050 in
350 1004 556 1053 iudicium
578 1006 738 1052 Socrati
749 1005 1081 1069 pulcherrimam
1098 1003 1336 1048 orationem
1349 998 1528 1051 obtulit,
1545 1010 1592 1042 vt
1605 1013 1677 1050 ea,
1711 995 1742 1042 fi
1757 997 1883 1044 vellet
1902 1027 1917 1051 ,

94 1075 140 1122 in
154 1071 216 1119 sui
232 1069 526 1122 defensionem
544 1088 726 1123 vteretur
739 1106 749 1117 .
785 1074 945 1122 Noluit
957 1070 1060 1118 vero
1076 1068 1361 1134 Philosophiae
1377 1083 1525 1132 parens
1541 1079 1705 1130 captare
1719 1065 1914 1114 Iudicum

98 1142 373 1193 voluntatem
391 1143 594 1191 mollibus
622 1142 763 1192 verbis
777 1174 790 1197 ,
816 1139 991 1208 perinde
1012 1158 1059 1188 ac
1075 1139 1288 1205 Sicyoniis
1313 1137 1460 1185 calceis
1481 1166 1496 1189 2
1531 1136 1603 1199 qui
1623 1136 1821 1199 quamuis
1836 1135 1912 1181 ha-

99 1211 204 1262 biles
220 1212 348 1259 essent
361 1244 374 1268 ‚
394 1213 708 1278 Philosophum
726 1227 869 1260 tamen
886 1228 976 1258 non
988 1209 1137 1257 decent
1154 1241 1166 1252 .
1202 1211 1324 1254 Duas
1339 1203 1592 1271 proferimus
1608 1203 1743 1269 Lysiae
1764 1204 1917 1267 imagi-

97 1296 198 1332 nes:
239 1283 377 1344 prima
405 1282 574 1329 extabat
589 1280 701 1348 apud
732 1280 1009 1328 Cardinalem
1038 1276 1308 1330 Farnefium,
1339 1276 1499 1340 petitori
1513 1271 1724 1336 adscripto
1738 1275 1916 1319 nomine

101 1355 395 1408 ΛΥΣΙΑΣε
425 1349 604 1398 secunda
633 1353 678 1397 in
690 1366 935 1398 marmoreo
950 1349 1098 1395 herma
1124 1344 1278 1394 eodem
1303 1343 1486 1392 nomine·
1499 1340 1719 1406 insignitur
1746 1358 1796 1388 ex
1809 1340 1909 1387 Ful-

101 1434 160 1494 uij
198 1429 338 1478 Vrsini
369 1427 664 1477 Bibliotheca.
699 1432 780 1478 His
811 1422 979 1472 additur
1009 1423 1173 1469 Herma
1203 1420 1289 1468 sine
1309 1420 1447 1482 capite
1482 1438 1534 1469 ex
1552 1419 1707 1468 eodem
1734 1416 1917 1470 ΡιιΙυὶο,Ἰ

102 1498 320 1568 quadratis
334 1499 480 1546 litteris
498 1496 747 1565 inscriptus:
774 1495 1038 1549 ΛΥΣΙΑΣ
1062 1493 1464 1546 ΚΕΦΑΛΑῙΟΣ
1497 1492 1636 1558 Lysias
1671 1484 1843 1554 Cephali
1861 1481 1918 1544 fi-

101 1572 216 1620 lius.
255 1575 413 1627 Natus,
429 1571 487 1618 est
513 1570 724 1625 Athenis,
752 1573 828 1621 vbi
857 1573 1017 1625 interiit
1041 1573 1162 1618 annis
1190 1572 1390 1617 LXXVI·
1409 1567 1478 1616 vel
1503 1581 1550 1617 vt
1584 1566 1649 1626 alij
1697 1562 1917 1616 scribunt,

107 1646 352 1693 LXXXIII,
385 1641 556 1707 expletis
573 1673 585 1684 .

652 1785 1387 1854 ΡΗΟΕΣΙΟΝ.ι

112 1916 358 2055 DVM
393 1986 481 2034 haec
499 1985 719 2034 ederemus
744 2005 909 2036 nouum
936 1987 1054 2052 operi
1082 1984 1236 2039 dcem,
1263 2001 1310 2030 ac
1325 1983 1567 2046 antiquitati
1593 1991 1925 2029 ornamentum„

114 2062 284 2106 additur
322 2076 370 2105 ex
401 2059 587 2122 imagine
605 2056 838 2105 Phocionis
871 2054 1145 2106 Atheniensis
1173 2084 1187 2108 ,
1216 2053 1315 2100 cum
1344 2052 1491 2099 bellica
1518 2067 1685 2104 vitute,
1710 2050 1804 2096 tum
1834 2047 1922 2093 elo-

121 2124 299 2192 quentia
325 2126 481 2173 nobilis
495 2159 506 2169 .
523 2129 672 2191 Imago
689 2126 775 2190 ipsa
804 2127 1059 2192 deprompta
1075 2123 1131 2170 est
1143 2141 1193 2169 ex
1218 2124 1396 2187 antiquo
1408 2125 1624 2168 Cammeo
1641 2151 1654 2174 ,
1670 2119 1752 2166 siue
1768 2123 1924 2181 Onyce

120 2195 296 2262 gemmei
315 2228 328 2251 ,
355 2213 447 2260 quae
465 2197 639 2258 Cinguli
657 2199 799 2243 Piceni
821 2196 946 2244 Vrbis
962 2192 1073 2258 apud
1097 2192 1222 2240 Nob.
1239 2193 1391 2239 Virum
1408 2221 1420 2244 ,
1437 2191 1627 2255 Iurisque
1643 2188 1928 2235 Consultum..

115 2268 369 2314 Antonium
406 2266 595 2311 Mariam
626 2264 914 2313 Castalionem
940 2262 1178 2310 adseruatur
1206 2294 1217 2304 .
1255 2261 1428 2327 Exiguis
1454 2258 1690 2305 admodum
1725 2259 1852 2303 literis
1880 2256 1924 2301 in

114 2336 280 2383 ambitu
295 2351 455 2381 nomen
477 2333 722 2398 inscriptum
740 2335 903 2398 praefert
918 2354 928 2383 ε
946 2336 1231 2386 ΦΩΚΙΩΝ
1249 2363 1261 2374 .
1299 2334 1469 2377 Patrem
1485 2328 1716 2376 Phocionis
1742 2325 1783 2372 se
1800 2327 1923 2389 igno-

114 2408 214 2459 raffe
231 2410 368 2459 scribit
386 2407 658 2462 Plutarchus3
685 2423 724 2455 at
741 2409 904 2471 Sophili
922 2411 1060 2460 filium
1076 2443 1088 2466 ,
1103 2408 1233 2476 patrui
1250 2401 1576 2455 Atheniensem,
1589 2419 1689 2447 cum
1717 2397 1832 2446 fuiffe
1862 2411 1922 2443 te«-

115 2481 240 2529 statur
269 2484 429 2526 Herma
457 2477 540 2524 smc
557 2478 692 2541 capite
710 2495 758 2523 ex
774 2476 933 2527 schedis
953 2480 1087 2539 Fuluij
1109 2475 1247 2528 Vrfini
1291 2477 1578 2527 ΦΩΚΙΩΝ
1607 2473 1923 2522 ΣΟΦΙΛΟΥ

117 2554 495 2605 ΑΘΗΝΑΙΟΣ
529 2550 708 2601 Phocion
737 2550 893 2615 Sophili
917 2551 1040 2615 filius
1058 2550 1334 2616 Atheniensis.
1369 2557 1485 2600 Cum
1506 2549 1605 2597 vero
1635 2550 1721 2613 ipse
1761 2547 1923 2611 sapien-

117 2635 174 2678 tia
198 2662 209 2685 ,
235 2645 363 2695 arque
391 2631 523 2676 animi
537 2628 709 2675 dotibus
735 2629 979 2682 excelleret,
1010 2628 1242 2692 plurimum
1268 2629 1398 2692 gratia
1421 2627 1554 2674 valuit
1586 2622 1698 2688 apud
1734 2622 1923 2668 Alexan-

119 2701 272 2753 dium,
298 2697 492 2762 adeoque
520 2697 561 2745 se
585 2700 838 2762 temperauit
863 2697 1088 2761 &largitate
1117 2697 1294 2744 fortunae
1313 2727 1326 2752 ,
1351 2710 1398 2744 vt
1427 2711 1604 2746 aurum,
1626 2689 1833 2756 vrbesque
1850 2687 1925 2733 sibi

122 2769 147 2814 εἰ
172 2766 566 2815 munificentissimo
590 2770 711 2831 Rege
739 2767 902 2814 oblatas
928 2765 1128 2829 respuerit
1151 2799 1162 2809 .
1211 2766 1291 2813 Sed
1325 2767 1488 2830 publica
1503 2759 1828 2809 Atheniensium
1856 2755 1929 2801 de-

122 2838 284 2886 mentia
300 2867 314 2891 ,
345 2850 392 2883 vt
408 2854 505 2884 cum
529 2836 700 2884 Valerio
715 2838 916 2883 Maximo
931 2835 1082 2899 loquar
1097 2866 1110 2888 ,
1137 2835 1260 2881 huius
1273 2836 1426 2897 ootimi
1442 2833 1544 2878 ciuis
1568 2832 1743 2878 virtutes
1762 2825 1924 2882 iniuriis

123 2904 388 2971 rependens,
422 2905 560 2970 ipsum
573 2903 624 2951 ad
641 2904 916 2953 seeuiffimum
943 2906 1037 2952 vita:
1067 2906 1225 2950 exitum
1252 2903 1394 2967 adegit
1411 2936 1421 2945 .
1460 2904 1561 2947 Nos
1591 2913 1638 2947 vt
1663 2902 1925 2946 Oratorunn-⁷

123 2975 273 3023 seriem
303 2973 410 3020 adeo
433 2974 577 3022 illustri
607 2975 752 3029 vultu,
774 2991 821 3021 ac
846 2975 1023 3021 nomine
1049 2973 1322 3036 impleremus
1340 3003 1352 3023 ‚
1382 2971 1446 3016 hic
1473 2971 1579 3015 inter
1605 2966 1926 3015 facundissimos

119 3047 369 3091 Graecorum
383 3043 647 3091 Phocionem
660 3042 923 3107 reposuimus
938 3075 949 3086 .
965 3045 1136 3090 Etenim
1150 3042 1193 3087 in
1210 3042 1300 3105 ipso
1314 3054 1428 3087 tanta
1444 3039 1591 3084 enituit
1606 3034 1835 3100 eloquendi
1851 3036 1929 3085 vis,

120 3122 163 3161 δε
180 3112 351 3161 facultas
367 3143 381 3168 ,
411 3127 457 3161 vt
471 3113 807 3165 DemostheneS,
835 3113 987 3159 caeteris
1004 3110 1259 3159 Oratoribus
1282 3108 1428 3174 spretis
1441 3139 1453 3162 ,
1481 3107 1745 3153 Phocionem
1761 3102 1837 3218 sibi
1854 3101 1930 3147 ob-

1074 3181 1108 3227 C
1701 3190 1770 3218 uer
1793 3189 1864 3217 an-
