2336 3700
889 498 1698 568 ARISTOTELES.

386 636 893 771 ARISTOTELES
933 694 1194 743 Nicomachi
1212 694 1442 758 Stagirites,
1459 694 1836 758 Peripateticorum
1853 695 2053 758 Princeps
2070 723 2082 746 ,
2108 689 2210 736 Phi-

383 775 664 840 losophorum
695 772 886 817 summus
916 797 930 821 ,
972 766 1141 812 Platoni
1176 765 1383 827 Magistro
1422 778 1493 810 aut
1523 766 1695 828 aequalis
1720 795 1733 818 ,
1775 780 1846 811 aut
1881 765 2046 816 maior,
2082 757 2202 805 audi-

390 860 530 891 torem
560 843 685 890 suum
703 836 1002 885 Alexandrum
1032 838 1198 898 Regem
1229 833 1474 879 Maximum
1505 833 1604 879 fecit
1634 866 1645 877 .
1702 833 1962 899 Disciplinas
1993 831 2209 896 optimas,

389 914 677 960 I)ia1effican1
694 941 706 964 ,
737 906 990 972 Physicam,
1009 901 1618 967 Metaphyficam,Ethicam,
1636 903 1939 957 Rhetoricam,
1966 901 2212 948 poeticam..

389 983 443 1030 sic
462 983 580 1029 auxit
599 1012 613 1035 ,
649 994 695 1027 vt
721 972 953 1023 condidifle
984 972 1203 1025 videatur,
1233 968 1511 1018 &absoluiss‘e
1528 1004 1539 1015 .
1589 973 1703 1018 Bene
1720 1002 1733 1025 ‚
1764 989 1816 1019 an
1840 970 1948 1019 male
1966 969 2017 1016 de
2035 967 2207 1034 posteris

390 1053 590 1098 meritum
621 1046 847 1094 dicamus3
889 1042 1045 1108 quibus
1064 1039 1250 1088 discendi
1279 1038 1499 1094 laborem,
1528 1041 1770 1095 imminuit,
1803 1041 2077 1105 &gloriarm
2113 1051 2211 1081 cum

391 1121 498 1168 nihil
525 1115 844 1184 propemodum
874 1112 974 1160 scire
1009 1111 1205 1157 homines
1225 1109 1412 1173 poffint,
1442 1108 1560 1171 quod
1591 1125 1681 1154 non
1707 1111 1899 1156 docuerit
1927 1105 2175 1154 Aristoteles
2203 1136 2213 1147 .

391 1193 519 1236 Hanc
556 1188 682 1253 ipsius
721 1185 935 1249 palliatam
978 1181 1211 1244 imaginem
1240 1176 1415 1224 effosam
1444 1177 1561 1224 fuifl'e
1602 1181 1646 1225 in
1679 1178 1886 1225 radicibus
1903 1178 2073 1224 Montis
2102 1175 2215 1235 Qi*

393 1258 537 1306 riualis
569 1267 781 1303 memorat
821 1250 953 1299 Faber
978 1279 992 1302 ,
1029 1268 1079 1303 ex
1106 1265 1196 1313 quo
1225 1246 1481 1312 suspicatur,
1530 1264 1583 1292 an
1614 1248 1701 1294 haec
1732 1249 1802 1294 illa
1828 1248 1914 1312 ipsa
1942 1246 1990 1293 sit
2011 1276 2024 1300 ,
2056 1260 2217 1309 quam,

394 1328 520 1375 Titus
549 1324 820 1389 Pomponius
845 1321 1016 1367 Atticus
1045 1317 1169 1363 domi
1199 1317 1279 1363 suae
1315 1318 1359 1362 in
1385 1317 1597 1379 Qirinali
1632 1316 1779 1363 habuit
1811 1335 1824 1372 3
1863 1316 1915 1363 de
1946 1332 2031 1380 qua
2057 1313 2109 1359 sic
2139 1314 2216 1359 in„

396 1395 583 1459 Epistola
600 1395 652 1442 ad
669 1392 808 1457 ipsum
833 1391 1018 1437 Cicero:
1057 1386 1186 1434 Malo
1199 1383 1341 1450 sedere
1370 1386 1415 1432 in
1435 1385 1514 1431 illa
1532 1385 1829 1452 tuastdecula,
1851 1381 2114 1450 quamhahes
2129 1380 2218 1447 stab

396 1465 577 1526 imagine
604 1460 869 1525 Aristotelis.
904 1458 1083 1522 Sculpta
1111 1454 1168 1501 est
1196 1472 1324 1519 opere
1358 1456 1632 1520 anaglyptico
1651 1486 1664 1508 ‚
1695 1458 1737 1502 in
1762 1454 1944 1501 rotunda
1978 1468 2218 1499 marmorea

395 1533 566 1588 tabula,
593 1532 805 1595 adscripto
822 1526 905 1575 bafi
937 1528 1151 1572 nomine:
1183 1528 1709 1578 ΑΡΙΣΤΟΤΕΛΗΣ.
1749 1524 1918 1571 Nasum
1952 1522 2058 1587 pen&
2094 1523 2216 1584 aqui-

394 1611 535 1657 linum
556 1635 570 1659 a
603 1603 866 1668 barbamque
882 1599 1040 1648 erasam
1067 1600 1221 1658 habet,
1250 1606 1367 1651 cuius
1393 1603 1612 1651 tonsuram
1642 1606 1750 1650 inter
1768 1600 1906 1666 ipsum
1928 1599 2221 1652 Aristotelem,

395 1687 439 1726 *ὀί
468 1676 696 1723 Platonem
729 1670 885 1730 dillidij
904 1669 1071 1717 causam
1097 1670 1213 1718 fuiss‘e
1229 1672 1370 1721 scribit
1394 1675 1626 1721 Aelianus:
1667 1676 1831 1720 Contra
1851 1669 2044 1716 Platonis
2063 1684 2221 1715 morem

396 1747 552 1792 crinem
580 1741 809 1790 abradebat
825 1775 835 1785 .
874 1741 995 1786 Nam
1023 1740 1148 1786 Plato
1164 1772 1177 1794 ,
1201 1743 1530 1797 vtvidebimu5‚
1559 1760 1733 1790 comam
1752 1772 1767 1796 ‚
1804 1748 1847 1788 &
1873 1738 2050 1788 barbam
2075 1739 2221 1784 alere&

396 1813 699 1866 consueuerat,
725 1813 912 1859 vtetiam
928 1806 1070 1856 scribit
1088 1813 1278 1858 Laertius
1306 1815 1350 1858 in
1371 1812 1459 1858 eius
1477 1813 1564 1860 vita
1585 1845 1595 1856 .

401 1953 938 2008 ΑΡΙΣΤΟΤΕΛΟΥΣ
955 1984 967 1995 ·
1002 1946 1152 1995 Altera
1168 1947 1255 1993 haec
1270 1951 1507 1999 Aristotelis
1525 1951 1670 2015 imago
1687 1920 1939 2013 perantiqua
1953 1944 2134 1993 minime
2148 1942 2226 1999 est,

400 2033 471 2082 sed
487 2030 638 2094 insigni
653 2027 877 2076 mendacio
892 2027 945 2072 ab
959 2026 1106 2088 aliquo
1121 2023 1271 2080 huius,
1300 2029 1370 2073 vel
1387 2026 1609 2090 superioris
1633 2024 1711 2069 aeui
1742 2022 2014 2087 Sycophanta
2030 2041 2080 2070 ex
2106 2024 2228 2087 inge-

403 2104 481 2150 nio
506 2098 641 2146 effleia
656 2131 667 2142 .
699 2097 909 2150 Barbam,
939 2091 1196 2158 capillosque
1216 2093 1440 2158 promifl'os
1458 2093 1584 2142 habet
1599 2124 1612 2147 ,
1630 2108 1739 2155 quos
1767 2090 1992 2141 totondiffe
2020 2091 2229 2140 Aristote-

401 2173 490 2220 lem
519 2169 705 2216 diximus
724 2169 767 2213 in
783 2163 1075 2215 antecedenti,
1107 2179 1153 2207 ac
1168 2162 1428 2227 dignoscitur
1454 2166 1499 2210 in
1532 2162 1621 2222 alijs
1657 2159 1844 2207 eiusdem
1871 2161 2160 2229 imaginibus·

471 2244 523 2287 In
535 2236 764 2284 hactabula
790 2234 879 2280 bini
895 2245 1038 2280 extant
1052 2229 1241 2277 eiusdem
1255 2234 1493 2281 Aristotelis
1530 2235 1700 2278 Hermae
1729 2245 1921 2276 truncato
1936 2234 2096 2297 capite:
2126 2229 2229 2277 alter

405 2304 759 2370 nomenpraefcrt,
790 2305 1290 2357 ΑΡΙΣΤΟΤΕΛΗΣ
1312 2305 1739 2357 ΝΙΚΟΜΑΧΟΥ
1761 2302 2226 2357 ΣΤΑΓΕΙΡΙΤΗΣ

405 2385 640 2451 Aristoteles
665 2383 927 2430 Nicomachi
940 2380 1152 2443 Stagirites
1181 2399 1193 2426 ε
1244 2382 1348 2428 alter
1381 2383 1599 2447 elogium,
1633 2384 2129 2434 ΑΡΙΣΤΟΤΕΛΗΣ
2172 2382 2225 2432 O

417 2466 720 2518 ΑΡΙΣΤΟΣ
785 2466 941 2515 ΤΩΝ
995 2463 1425 2515 ΦΙΛΟΣΟΦΩΝ
1480 2462 1937 2513 ΣΤΑΓΕΙΡΙΤΗΣ
1990 2457 2225 2524 Aristoteles

415 2542 628 2607 Stagirites
663 2538 1006 2605 Philofiphorum
1041 2536 1400 2604 Prfstantiffirnus
1424 2571 1437 2584 .

757 2685 1228 2751 CLAVDIVS
1275 2685 1859 2752 ALEXANDER
1877 2687 1891 2747 .’

410 2780 595 2918 DE
631 2853 809 2902 Tiberio
841 2851 1027 2902 Claudio
1056 2854 1304 2902 Alexandro
1331 2852 1443 2918 apud
1480 2856 1709 2920 Scriptores
1737 2853 1853 2900 nulla
1890 2853 2055 2900 mentio
2086 2865 2228 2899 extat.

408 2925 474 2968 Ex
490 2925 578 2969 eius
601 2938 903 2978 monumento,
921 2921 1041 2988 quod
1058 2924 1336 2988 proferimus,
1365 2923 1459 2970 satis
1478 2924 1637 2972 constat
1655 2922 1771 2970 fuisse
1790 2921 2104 2989 Philosophum
2117 2922 2231 2969 Stoi-

411 3008 510 3037 cum
543 2992 677 3056 patriai
709 2996 962 3040 Romanum
994 3009 1042 3037 ex
1076 2994 1210 3040 Tribu
1238 2996 1420 3055 Qrina
1447 3025 1457 3036 .
1506 2994 1776 3058 Capitolinus
1803 2998 1846 3041 in
1864 2994 1952 3040 vita
1978 2993 2117 3039 Marci
2136 2994 2233 3037 An-

406 3061 547 3107 tonini
596 3061 828 3110 Claudium
870 3061 1085 3128 quendam
1127 3065 1374 3112 Maximum
1408 3062 1721 3129 Philosophum
1765 3064 1957 3111 Stoicum
1998 3063 2226 3121 nominat,

2026 3132 2176 3197 ipsius.
