2336 3700
437 370 476 408 2,

350 464 370 508 ὰ
392 463 624 527 lacrymis,
651 454 892 523 Eplicsique
912 449 1097 501 concilio
1114 450 1294 506 habito,
1323 445 1788 519 Smyrnaminstaiirari
1816 446 1995 498 iusserit.
2032 452 2177 511 Qare

352 536 429 579 Sm
451 532 584 595 yrnaei
600 527 776 578 Aristidi
792 524 1007 592 publicam
1023 527 1068 571 in
1085 522 1330 589 Gymnalio
1345 553 1360 578 ,
1387 536 1597 587 tanquam
1615 519 1744 567 Vrbis
1758 520 1986 572 conditori,
2004 517 2184 566 statuam

349 601 533 667 posuere
550 634 561 645 .
598 597 736 647 Aliud
753 596 1025 644 simulacrum
1044 608 1340 640 marmoreum
1365 591 1556 640 eiusdem
1583 589 1780 636 Aristidis
1806 592 1851 636 in
1873 586 2180 635 Bibliotheca„

351 671 562 718 Vaticana
587 667 830 716 adseruatur
859 695 872 719 ,
914 663 1117 728 inscripto
1145 661 1227 710 basi
1256 663 1435 710 nominc
1464 694 1475 706 .
1527 661 1924 714 ΑΡΙΣΤῙΔΗΣ
1964 663 2174 710 ΣΜΥΡ,

351 749 540 797 ΝΕΟΣ
560 778 570 790 .
605 742 805 807 Aristides
832 745 1094 805 Smyrngus,
1136 737 1258 804 quod
1290 752 1459 786 erutum
1476 735 1594 788 fuiffe
1610 757 1660 786 ex
1675 739 1863 805 antiquis
1881 738 2009 785 Vrbis
2032 738 2178 790 ruinis,

354 831 397 872 ἃ
414 823 435 869 a
455 824 538 870 Pio
556 825 631 869 lv,
650 818 863 868 Pontifice
880 820 1083 865 Maximo
1098 817 1143 863 in
1158 814 1310 862 eadem
1343 813 1613 862 Bibliotheca
1628 811 2059 863 honorificenriffime
2091 828 2172 876 po-

353 893 481 940 situm
493 893 652 941 indicat
668 891 848 956 sequeus
866 889 1087 954 inscriptio
1099 887 1146 933 in
1157 884 1344 933 subiecta
1359 883 1442 931 basi
1457 884 1586 932 incisa
1603 917 1616 930 .

1076 957 1101 1002 S
1117 956 1159 1003 T
1173 958 1219 1002 A
1232 956 1275 1002 T
1293 958 1332 1002 V
1344 957 1388 999 A
1402 956 1457 1002 Μ

836 1026 1244 1075 ARISTIDIS
1299 1025 1718 1072 SMYRNAEI

1093 1098 1130 1142 E
1147 1096 1165 1141 I
1182 1098 1222 1142 V
1242 1097 1267 1140 S
1320 1098 1422 1151 QV
1440 1097 1459 1141 I

559 1172 663 1217 VR
684 1168 838 1215 BEM
875 1164 1507 1226 CIVITATEMQVE
1545 1167 1644 1212 RO
1664 1166 1840 1213 MAN
1862 1168 1903 1210 A
1925 1165 1979 1212 M

522 1236 1018 1287 LVCVLENTA
1083 1234 1521 1281 ORATIONE
1585 1237 1620 1281 L
1643 1235 2013 1283 AVDAVIT

640 1306 984 1354 ERVTAM
1037 1305 1131 1349 EX
1177 1304 1568 1370 ANTIQVIS
1621 1307 1903 1352 RVINIS

711 1378 884 1423 PIVS
933 1376 1029 1420 1111.
1065 1374 1345 1421 MEDIC.
1383 1373 1616 1420 PONT.
1652 1375 1842 1421 MAX,

1117 1445 1150 1488 P
1169 1446 1214 1490 O
1232 1444 1256 1488 S
1274 1446 1313 1490 V
1331 1443 1403 1490 IT
1419 1476 1431 1486 .

421 1516 498 1564 Ab
525 1515 603 1563 hac
620 1511 946 1562 similitudinem
962 1512 1110 1559 nostrae
1127 1513 1332 1576 Imaginis
1359 1511 1561 1559 duximus
1579 1545 1590 1557 .
1626 1513 1842 1576 Qaniuis
1860 1526 2004 1560 autem
2033 1512 2185 1563 Aristi-‘

356 1587 430 1635 des
446 1587 581 1653 patria
606 1588 851 1652 Smyrnaeus
866 1583 1089 1649 inscriptus
1100 1581 1173 1636 sit,
1197 1580 1579 1630 Hadrianutamen
1595 1612 1608 1635 ‚
1634 1583 1719 1630 siue
1734 1581 2087 1630 Hadrianotheris
2104 1585 2183 1632 ἰὼ

351 1657 543 1708 Moesia,
557 1671 676 1722 patre
693 1654 959 1704 Eudaernone
972 1667 1123 1700 natum
1141 1650 1277 1698 alserit
1289 1650 1567 1699 Philostratus
1583 1654 1628 1699 in
1646 1655 1736 1700 eius
1766 1653 1866 1701 Vita
1884 1686 1895 1697 .
1932 1656 2182 1720 Smyrnaeus

349 1727 454 1776 vero
471 1726 610 1774 dictus
626 1725 811 1774 creditur
825 1756 840 1779 ‚
858 1741 1015 1789 nempe
1028 1725 1253 1789 Smyrnaea
1271 1723 1443 1770 ciuitate
1458 1720 1645 1771 donatus
1661 1755 1673 1779 2
1689 1724 1747 1771 ob
1766 1723 2026 1772 beneficium
2055 1723 2185 1773 Vrbis

351 1802 549 1865 Smyrnae
564 1794 586 1843 a
600 1796 642 1843 se
655 1827 669 1851 ,
702 1809 748 1844 vt
761 1794 947 1842 diximus
964 1825 978 1850 ‚
992 1793 1188 1842 restitutae
1200 1824 1212 1837 .

933 1985 1610 2095 ASPASIA.

352 2154 790 2293 AEHACOT
819 2222 832 2267 2
884 2218 1110 2287 Aspafiam
1126 2223 1247 2271 illam
1264 2220 1481 2271 Milesiam
1510 2221 1794 2279 cumforma,
1820 2225 2094 2287 &amatoriis
2118 2219 2183 2273 ar-

349 2304 492 2354 tibus,
526 2303 619 2349 tum
639 2295 943 2363 Philosophia,
973 2306 1016 2345 ὃ(
1034 2294 1281 2363 eloquentis}
1296 2296 1491 2346 nobilem
1522 2303 1567 2348 in
1584 2299 1662 2348 hac
1678 2301 1866 2365 imagine
1894 2297 2180 2365 repraesentari

350 2371 622 2425 existimant,
649 2371 873 2435 ipsamque
891 2369 933 2414 in
949 2366 1019 2414 sua
1046 2367 1356 2432 Ichnographia
1371 2371 1583 2416 Caninius
1610 2367 1811 2433 produxit
1828 2403 1839 2413 .
1867 2369 2173 2434 Quamobrem

350 2453 394 2492 &-
410 2456 489 2487 nos
503 2442 812 2504 pretermittere
825 2437 1170 2501 noluimu5‚quin
1183 2436 1251 2483 hic
1266 2439 1373 2484 inter
1384 2436 1560 2486 disertos
1576 2443 1783 2485 Oratores
1800 2456 1895 2487 eam
1916 2439 2153 2485 recolamus
2167 2467 2180 2480 .

349 2518 469 2560 Cum
486 2509 662 2574 Aspasia
677 2508 861 2557 Athenis
877 2521 1114 2557 moraretur
1127 2537 1141 2561 ,
1173 2521 1289 2553 tanta
1303 2509 1459 2555 enituit
1474 2508 1687 2572 sapientiae
1711 2506 1828 2554 fama
1844 2539 1857 2562 ,
1893 2522 1942 2556 vt
1957 2507 2008 2556 ad
2041 2506 2179 2572 ipsam

350 2578 611 2630 audiendam
631 2582 824 2626 Socrates
841 2575 1254 2640 accederet‚eiusque
1270 2576 1528 2640 discipulum
1543 2576 1584 2624 se
1599 2575 1882 2642 profiteretur,
1899 2593 1947 2626 vt
1963 2581 2007 2625 in
2024 2581 2182 2627 Mene-

350 2667 463 2698 xeno
478 2649 734 2696 Plato-Non
750 2645 969 2696 immerito
988 2647 1116 2710 igitur
1132 2644 1617 2701 formosa,Soc1⁴atica‚&
1634 2646 1889 2711 eloquentia:
1902 2646 2097 2712 magistra
2107 2660 2183 2710 ερε-

349 2721 532 2787 pellatur
554 2717 609 2763 ab
636 2719 876 2770 AthenaeO,
905 2723 949 2762 &
967 2715 1096 2762 Suida
1116 2716 1263 2778 .an
1282 2724 1326 2762 δε
1346 2715 1555 2763 Periclem
1585 2717 1711 2763 illum
1737 2715 2070 2764 Atheniensium
2099 2713 2181 2761 du-

350 2808 473 2843 cem,
503 2787 527 2832 a
545 2804 635 2851 quo
648 2785 955 2836 feruentissime
967 2782 1431 2850 diligebatur2erudijffe
1447 2784 1627 2842 dicitur3
1654 2785 1841 2850 ideoque
1869 2804 1943 2852 per
1970 2788 2180 2851 ingenuas

350 2873 460 2908 artes
499 2857 704 2906 illustrem
720 2857 904 2905 Palladis
917 2857 1000 2903 ritu
1032 2854 1189 2903 caffide
1206 2886 1220 2908 ,
1240 2869 1370 2921 atque
1396 2854 1592 2921 Aegide,
1610 2871 1819 2920 tanquam
1833 2855 2047 2921 sapientiae
2081 2853 2181 2901 infi-

349 2930 462 2996 gnijs
491 2941 701 2974 armatam
739 2941 1080 2990 exornatamque
1094 2925 1214 2973 facile
1233 2923 1485 2972 crediderim
1506 2957 1517 2970 .
1564 2929 1719 2990 Imago
1746 2923 2005 2992 deprompta
2034 2923 2092 2972 est
2126 2941 2178 2972 ex

349 2998 484 3046 veteri
518 2998 692 3060 gemma
716 2998 878 3046 anulari
900 2994 1067 3062 Iaspide
1093 2996 1138 3045 in
1162 2993 1494 3062 Dactyliotheca
1518 2993 1820 3065 supralaudatae
1849 2995 2014 3045 Feliciae
2048 2997 2177 3048 Rons

350 3069 514 3118 daninae
531 3099 543 3111 ·

1949 3207 1991 3253 C
2006 3203 2109 3254 AE-
