2336 3700
1794 353 1858 392 11

145 437 189 480 in
210 433 425 480 Oratione
455 431 501 478 in
516 433 665 494 Regem
681 431 844 486 Solem,
874 431 1065 487 testatur,
1095 434 1136 481 se
1151 436 1437 487 ass‘cstatorem
1457 470 1470 494 ‚
1506 446 1550 486 &
1582 438 1793 485 famulum
1822 438 1949 503 profi-

142 501 331 552 tebatur.
368 500 551 547 Barbam
578 500 715 547 alebat
742 502 927 548 Iulianus
953 503 1200 565 promissam
1219 538 1232 562 ,
1277 523 1324 555 vt
1349 511 1394 555 in
1422 509 1501 556 hac
1525 509 1714 572 imagine
1740 523 1911 572 apparet
1939 540 1952 561 ,

140 585 288 636 practer
300 587 464 618 morem
477 571 660 616 aliorum
675 572 805 617 aetatis
824 569 904 618 suae
920 574 1246 635 Imperatorum,
1265 578 1555 641 Philosophos
1574 579 1761 623 imitatus
1776 608 1787 618 .
1813 576 1951 640 Ipsam

138 656 284 687 tamen
300 640 505 687 hircinam
518 639 786 703 agnoscimus
801 670 814 693 ,
842 640 1012 703 qualem
1030 642 1258 691 irridebant
1275 645 1590 694 Antiochenses
1606 676 1620 699 ,
1650 659 1698 692 vt
1715 645 1800 708 ipse
1817 649 1860 693 in
1877 646 1953 692 suo

139 710 441 774 Misopogono
455 707 677 762 describit,
704 709 860 754 ironice
872 708 914 755 se
942 711 1208 775 vituperans,
1234 714 1333 763 cum
1357 716 1399 762 se
1423 715 1477 763 ab
1503 714 1598 780 ipsis
1646 714 1813 761 irrisum
1850 732 1952 762 con-

140 792 369 841 queratur:
407 778 465 822 Et
474 780 667 842 primum
684 777 709 822 iz
728 777 865 824 ‘cultu
882 778 1050 824 ordiar:
1081 783 1131 827 H
1135 783 1205 831 uic
1216 785 1327 830 enim
1345 816 1359 839 ,
1401 802 1524 838 cnm,
1569 794 1625 831 vt
1637 780 1846 838 arbitror,
1875 800 1952 831 na-

137 860 240 897 tura
264 864 347 893 non
360 845 554 892 multum
566 844 904 911 pulchritudinis
922 878 935 900 ,
953 865 1002 891 ac
1026 851 1260 914 venustatis
1282 853 1452 916 dedtfflt
1468 884 1481 908 ,
1501 854 1581 918 ipst
1597 851 1828 914 morcfitate
1846 870 1952 916 qua-

140 915 269 969 dam,
301 930 365 971 (cf
381 912 600 960 acerbitate
615 915 751 961 ammi
764 914 931 976 longam
958 916 1078 980 {stam
1093 918 1266 967 barbam
1285 913 1437 969 addidi
1451 954 1464 977 ,
1492 922 1615 986 quasi
1639 933 1777 984 peenas
1806 921 1858 966 ab
1875 923 1950 968 illo

140 985 303 1045 exigens
316 1015 329 1037 ‚
361 984 486 1030 nulla
503 983 673 1047 quidem
689 984 777 1029 alia
795 983 843 1028 de
859 984 983 1048 causti
1000 1017 1013 1040 ,
1041 989 1122 1051 nisi
1132 989 1250 1052 quod
1275 1003 1433 1038 natum
1451 991 1676 1053 elegantior
1695 990 1927 1055 nonfhjffit
1939 1027 1948 1037 ,

134 1052 238 1105 ldeb
254 1052 525 1119 discurrentes
548 1053 594 1100 in
608 1069 655 1098 ea
670 1052 891 1101 Pedicnlos
905 1067 983 1120 pro
1005 1073 1068 1103 ero
1083 1088 1097 1113 ,
1133 1069 1343 1124 tanquam
1349 1059 1471 1126 feras
1505 1060 1674 1126 aliquas
1694 1060 1739 1108 in
1754 1051 1890 1126 thlua
1906 1095 1917 1104 .

436 1269 772 1335 MAGO
834 1272 960 1334 ET
1020 1274 1653 1344 DIONYSIVS.

132 1385 189 1519 I
204 1461 490 1508 MAGINES
518 1491 531 1515 ,
573 1476 680 1525 quas
714 1459 797 1509 vna
827 1459 950 1508 simul
984 1458 1185 1525 expreffas
1223 1460 1474 1509 exhibemus
1502 1493 1516 1516 ‚
1543 1462 1729 1527 Magoni
1761 1465 1949 1512 Cartha-

127 1530 293 1593 ginensi
309 1564 322 1586 ,
337 1548 384 1576 ac
396 1529 614 1598 Dionyslo
630 1529 809 1578 Vticenfi
826 1529 1098 1596 Philosophis
1115 1530 1309 1578 adscribit
1321 1531 1454 1577 Faber
1468 1549 1482 1586 3
1495 1531 1615 1595 quod
1634 1530 1772 1578 ambae
1790 1533 1946 1580 eodem

129 1600 434 1665 philosophico
447 1599 596 1646 habitu
612 1601 794 1664 palliatae
813 1631 828 1655 ,
854 1615 981 1665 atque
1004 1600 1252 1664 Aphricano
1276 1602 1407 1647 cultui
1425 1600 1582 1648 similes
1607 1600 1923 1665 conspiciantur
1938 1636 1949 1646 .

130 1673 224 1717 Cur
241 1669 343 1717 vero
357 1667 441 1716 vna
460 1668 601 1734 pofitae
624 1668 730 1724 sint,
753 1669 920 1717 causam
940 1669 1106 1724 reddit,
1131 1668 1249 1734 quod
1280 1669 1519 1735 Dionysius
1539 1670 1774 1726 VticenslS,
1791 1674 1950 1737 Mago-

135 1740 204 1785 nis
219 1737 272 1787 de
287 1739 560 1804 Agricultura
577 1738 706 1786 libros
717 1740 764 1786 in
776 1741 978 1786 Graecum
994 1739 1239 1786 sermonem
1274 1739 1553 1794 transtulerit,
1579 1740 1950 1806 quemadmodum

126 1807 242 1872 apud
258 1813 494 1856 Varronem
512 1839 527 1863 ‚
559 1808 848 1856 Columellam
866 1840 880 1864 ‚
905 1818 944 1857 ὅ(
958 1809 1147 1856 Plinium
1164 1808 1309 1862 multis
1323 1809 1428 1855 locis
1446 1810 1597 1874 legitur
1611 1840 1626 1863 ,
1660 1812 1851 1857 Gemma
1869 1843 1881 1867 ‚
1899 1830 1948 1859 ex

126 1894 215 1942 qua
228 1891 408 1942 vtraque
425 1879 573 1942 imago
588 1875 811 1943 desumpta
828 1877 884 1925 est
898 1910 914 1933 ‚
931 1877 1105 1943 Prasma
1121 1879 1236 1925 Italis
1261 1892 1527 1942 nuncupatur
1542 1909 1555 1933 ‚
1585 1878 1725 1925 forma
1741 1881 1853 1926 ouali
1872 1911 1885 1936 ‚
1903 1890 1947 1928 δε

131 1947 293 1993 anulari
309 1948 447 1994 maior
462 1977 477 2001 ,
505 1945 557 1992 ad
569 1963 719 1993 eorum
738 1949 996 1995 memoriam
1013 1979 1027 2003 ‚
1044 1945 1201 1994 affabre
1221 1946 1349 1995 incisa
1364 1978 1378 2003 ,
1401 1962 1530 2012 atque
1561 1965 1612 1993 ex
1637 1949 1773 2009 Fuluij
1809 1949 1946 1997 Vrsini

123 2016 459 2082 Dactyliotheca
485 2013 740 2081 deprompta
755 2048 768 2061 .

270 2161 669 2228 MARCVS
714 2162 1175 2228 AVRELIVS
1222 2163 1810 2228 IMPERATOR.

129 2296 291 2435 M
307 2370 510 2418 ARCVS
528 2371 829 2417 AVRELIVS
844 2368 992 2414 clarior
1007 2383 1060 2413 ne
1072 2367 1362 2433 Philosophia,
1374 2384 1427 2416 an
1443 2370 1631 2433 Imperio
1651 2369 1775 2418 fuerit
1790 2400 1804 2425 ,
1820 2386 1943 2418 nom

126 2439 250 2486 facile
275 2437 432 2486 dixeris
460 2471 472 2483 .
508 2438 629 2486 Idem
659 2437 757 2485 sane
785 2433 1070 2501 Philosophus
1097 2440 1301 2485 Summus
1337 2468 1352 2493 ,
1376 2455 1424 2484 ac
1447 2440 1652 2491 Summus
1678 2441 1943 2504 Imperator3

130 2506 239 2554 adeo
260 2522 309 2557 vt
325 2511 531 2556 Romana
547 2506 805 2572 Respublica
819 2507 986 2554 bonurn
1003 2506 1106 2554 illud
1120 2506 1331 2557 alternum
1359 2506 1382 2553 a
1401 2508 1581 2555 Platone
1596 2509 1864 2573 propositum
1889 2510 1942 2557 ad

130 2576 251 2624 beate
276 2576 514 2627 viuendum
527 2579 571 2625 in
600 2577 770 2625 ciuitate
784 2589 951 2642 experta
973 2573 1046 2622 sit:
1075 2590 1146 2623 aut
1160 2576 1448 2642 Philosophos
1476 2593 1676 2643 regnare,
1705 2593 1777 2625 aut
1800 2581 1941 2643 Reges

128 2645 422 2712 philosophari
449 2662 645 2712 oportere
658 2680 670 2691 .
703 2649 787 2694 Hic
802 2677 816 2700 ,
845 2659 892 2692 vt
922 2646 1064 2709 inquit
1076 2646 1349 2710 Capitolinus
1361 2677 1375 2701 ,
1403 2650 1462 2694 In
1495 2648 1613 2694 omni
1645 2646 1745 2696 vita
1763 2645 1940 2712 philost)-

130 2714 527 2782 phans,fhn‹33itate
542 2715 737 2765 omnibus
753 2712 1022 2776 Principibus
1053 2715 1299 2763 antecelluit
1314 2749 1325 2761 .
1354 2719 1464 2763 Puer
1477 2715 1615 2763 adhuc
1629 2715 1938 2764 duodecimum

129 2801 296 2833 annum
311 2786 510 2850 ingreflus
524 2786 721 2833 habitum
740 2783 991 2849 Philosophi
1004 2783 1180 2850 sumpfit
1192 2815 1206 2839 ,
1222 2802 1269 2837 ac
1285 2787 1474 2833 Stoicam
1489 2783 1762 2849 disciplinam
1774 2786 1938 2850 profes-

133 2853 201 2901 sus
213 2886 227 2910 ,
252 2855 523 2902 tolerantiam
539 2856 635 2904 cum
652 2853 845 2909 studeret,
861 2855 904 2905 in
921 2853 1053 2918 pallio
1067 2885 1080 2909 2
1094 2862 1136 2902 δέ
1148 2855 1268 2902 humi
1281 2854 1462 2901 cubabat
1480 2886 1492 2897 .
1506 2856 1627 2915 Qin
1650 2855 1754 2901 &in
1769 2857 1939 2920 grauio-

131 2923 248 2975 ribus
268 2925 439 2990 Imperij
458 2927 580 2979 curis,
595 2927 725 2991 inque
741 2923 833 2988 ipso
848 2922 947 2970 belli
960 2921 1217 2978 discrimine,
1231 2922 1282 2974 ad
1295 2921 1581 2988 Philosophiae
1597 2922 1728 2970 studia
1742 2926 1938 2972 animum

132 3008 376 3042 conuertere
390 3011 480 3042 non
504 2994 659 3045 destitit
674 3027 686 3039 .
722 2997 846 3042 Nam
860 2993 905 3039 in
920 2992 1100 3055 Qados
1114 3024 1129 3048 ,
1154 2995 1258 3039 &in
1275 2991 1521 3057 asperrimas
1535 2994 1776 3041 Germaniae
1790 3009 1936 3058 gentes

130 3079 259 3130 agens
275 3063 462 3119 ‚librum
475 3064 623 3113 Graece
640 3061 909 3128 conscripsit,
936 3064 1000 3109 De
1012 3062 1063 3125 ſse
1087 3061 1170 3128 ipso
1185 3061 1242 3109 ad
1253 3061 1454 3131 ftipsttm
1470 3095 1481 3107 .
1506 3064 1595 3128 Q
1611 3062 1718 3112 liber
1744 3063 1821 3111 sub
1837 3066 1935 3110 titu-

1819 3133 1864 3180 lo
