2336 3700
1830 352 1905 412 19

660 519 1453 590 XENOCRATES.

140 702 267 833 Χ
283 769 661 817 ENOCRATES
680 767 1038 817 Chalcedonensis
1056 769 1246 818 Platonis
1265 768 1493 836 discipulus
1507 771 1600 837 post
1615 776 1894 843 Speusippum
1915 784 1959 830 in

133 840 368 886 Academia
381 839 596 894 succeflor,
611 837 874 885 admirabilis
893 841 1183 896 continentiae,
1194 858 1242 887 ac
1254 840 1504 905 frugalitatis
1519 843 1690 908 reliquit
1704 851 1922 912 exemplar
1948 886 1958 897 ἢ

133 913 251 955 Cum
266 911 381 956 enim
399 909 572 974 Phryne
601 908 748 955 nobile
776 907 962 956 scortum
986 909 1124 975 ipsum
1145 916 1191 959 in
1223 912 1333 956 lecto
1364 908 1581 965 tentass'et,
1604 912 1763 960 infausto
1792 934 1920 981 opere
1938 952 1953 974 ‚

131 977 174 1023 se
202 995 293 1025 non
310 979 473 1033 civim,
497 978 604 1026 sedai
625 978 755 1026 statua
784 979 896 1024 exire
923 978 1271 1042 percontantibus
1302 976 1436 1025 dixit.
1474 983 1632 1028 Seuero
1659 981 1826 1049 semper
1856 1005 1952 1052 gra-

133 1047 264 1111 uique
311 1047 480 1112 aspeistu
513 1065 612 1096 eum
642 1046 758 1095 fuisse
791 1046 938 1094 scribit
974 1049 1199 1105 Laertiu53
1229 1050 1286 1096 ita
1317 1062 1364 1095 vt
1391 1046 1497 1114 saepe
1515 1051 1575 1096 illi
1617 1052 1742 1099 Plato
1771 1053 1959 1112 diceret,

137 1131 185 1162 vt
201 1118 362 1178 Gratiis
375 1115 621 1165 sacrificaret
636 1150 648 1162 .
672 1118 774 1164 Eius
791 1116 961 1172 herma,
988 1120 1063 1183 qui
1076 1117 1188 1182 apud
1211 1118 1412 1166 Fuluium
1432 1119 1632 1167 Vrfinum
1651 1122 1818 1170 extabat
1839 1155 1854 1179 ,
1889 1143 1957 1173 ca-

48 1243 51 1247 ·
132 1187 223 1250 pite
261 1186 411 1234 auulso
433 1216 448 1241 2
488 1186 693 1253 temporis
727 1187 908 1241 iniuria,
947 1188 1269 1251 inscriptionem
1300 1200 1467 1236 tantum
1499 1189 1707 1238 retinebat
1740 1199 1958 1249 ΞΕΝΟ-

135 1268 421 1317 ΚΡΑΤΗΣ
454 1269 935 1320 ΑΓΑΘΑΝΟΡΟΣ
971 1271 1494 1321 ΚΑΛΧΑΔΟΝΙΟΣ
1543 1270 1804 1318 Xenocrates
1833 1277 1954 1340 Aga-

130 1341 323 1391 thanoris
337 1342 698 1392 Chalcedonensis
715 1377 726 1388 .
762 1348 913 1410 Imago
926 1346 1028 1395 vero
1045 1364 1195 1411 quam,
1212 1344 1650 1411 addimu82desumpta
1666 1346 1723 1395 est
1740 1346 1794 1394 ab
1814 1366 1959 1398 exem-

127 1411 265 1477 plari,
289 1413 408 1479 quod
438 1411 679 1462 adseruatur
696 1417 851 1462 Romae
867 1416 911 1462 in
942 1415 1138 1463 Aedibus
1169 1414 1436 1464 Marchionis
1468 1415 1638 1476 Fabritij
1666 1415 1721 1465 de
1739 1419 1952 1465 Maximis

131 1485 179 1527 in
214 1500 458 1538 marmore,
485 1484 530 1530 in
560 1500 650 1549 quo
667 1483 758 1545 alijs
776 1500 940 1535 nomen
977 1485 1159 1534 incisum
1190 1485 1247 1534 est
1275 1484 1434 1534 literis:
1477 1491 1954 1542 ΞΕΝΟΚΡΑΤΗΣ

127 1563 660 1617 ΧΑΛΚΗΔΟΝΙΟΣ
679 1594 693 1629 ·.

625 1802 1453 1870 ZALEVCVS,

126 1967 244 2104 Z
263 2038 541 2088 ALEVCVS
561 2031 778 2081 Locrensis
796 2031 1026 2097 chissator
1050 2029 1064 2085 '‚
1089 2031 1188 2080 teste
1204 2029 1437 2084 Strabone3
1466 2033 1736 2083 Cretensium
1755 2065 1770 2090 ‚
1808 2034 1945 2085 Laco-

125 2126 251 2165 num,
267 2124 395 2175 atque
421 2106 781 2171 Areopagitarum
793 2102 956 2148 seleffls
972 2103 1149 2165 optimis
1165 2100 1361 2149 institutis
1376 2132 1390 2155 ,
1404 2099 1698 2150 saluberrimas
1725 2104 1838 2170 leges
1865 2106 1950 2154 suis

126 2178 292 2227 ciuibus
308 2175 550 2226 tulit.Adeo
564 2172 665 2222 vero
678 2171 759 2220 fuit
776 2170 925 2231 iustitie
940 2184 1131 2224 tenax,vt
1148 2169 1238 2217 filio
1251 2168 1502 2230 obcecando
1513 2173 1559 2217 in
1572 2171 1748 2219 adulteri
1754 2175 1766 2234 j
1781 2192 1949 2239 paenam

124 2246 464 2314 supplicantibus
488 2242 651 2291 ciuibus
665 2239 893 2294 vniuerIiS,
910 2256 997 2285 non
1025 2241 1142 2286 aliter
1154 2239 1555 2303 pepercerit,qu:lrn
1578 2240 1607 2288 si
1630 2241 1811 2290 alterum
1842 2243 1946 2297 fibi,

125 2316 281 2365 deinde
294 2317 385 2365 filio
401 2316 580 2363 alterum
595 2311 767 2358 oculum
781 2322 940 2357 erueret
957 2339 971 2363 ,
984 2316 1026 2356 &
1041 2308 1248 2356 constanti
1274 2309 1472 2375 exemplo
1484 2308 1720 2359 sanstiones
1737 2310 1832 2360 suas
1846 2330 1952 2363 con-

125 2386 313 2435 firmaret
341 2385 516 2435 Valerio
542 2383 745 2430 Maximo
758 2376 926 2427 auclore
943 2410 955 2421 .

194 2458 298 2504 Eius
311 2459 457 2520 imago
474 2471 523 2499 ex
539 2468 724 2499 nummo
742 2453 964 2514 Argenteo
980 2445 1215 2494 eorundem
1228 2445 1503 2496 Locrensium
1519 2447 1741 2516 desumpta
1755 2483 1769 2506 ,
1797 2461 1842 2502 &
1875 2452 1952 2500 ad-·

123 2524 284 2590 scripto
299 2526 477 2574 nomine
495 2525 867 2576 ΖΑΛΕΥΚΟΣ
884 2519 954 2566 ,In
971 2515 1149 2563 aduerso
1163 2521 1459 2573 ΛΟΚΡΩΝ
1478 2525 1950 2579 ΕΠΙΖΕΦΥΡΙΩΝ

127 2602 400 2651 Locrenliurn
416 2601 469 2649 ad
486 2602 751 2668 Zephyrium
776 2611 973 2648 montem
989 2595 1270 2648 incolentium
1293 2598 1338 2649 in
1349 2599 1477 2648 Italiae
1493 2613 1610 2667 parte
1622 2631 1637 2661 ‚
1671 2619 1765 2668 quae
1781 2605 1948 2669 Magna

131 2673 296 2720 Craecia
314 2671 545 2722 vocabatur
562 2704 573 2715 ·

1675 3158 1870 3209 ZENO-
