2336 3700
984 539 1531 604 ZENO.

352 679 468 814 Z
488 752 623 797 ENO
654 750 818 796 Eleates
833 751 996 795 Austor
1012 748 1160 793 Stoica:
1187 748 1315 793 Seaae
1331 776 1345 800 ,
1360 744 1628 793 parmenidis
1641 744 1806 793 auditor
1818 746 1897 794 fuit
1911 765 1924 802 3
1937 745 2044 792 adeo
2062 745 2165 793 ver&

351 822 530 884 ingenio
542 821 737 884 praestans
755 850 767 873 ,
780 834 827 866 vt
843 817 982 882 ipsum
997 816 1237 862 Dialecfficae
1253 817 1525 863 inuentorem
1543 816 1790 863 Aristotcles
1807 815 1977 870 fecerit,
1991 815 2168 880 eiusque

352 891 578 937 volumina
607 887 808 952 sapientia·
848 886 1090 950 pleniffima
1126 883 1403 932 commendet
1439 889 1607 932 auctore
1648 888 1816 932 Laertio
1847 918 1858 929 .
1897 886 2060 932 Placuit
2103 885 2168 930 illi

353 958 550 1007 Mundos
565 957 641 1003 esse
655 957 793 1021 plures
811 955 895 1002 fine
913 971 1048 1003 vacuo
1063 985 1078 1008 -,
1105 968 1387 1019 naturamque
1416 957 1616 1001 omnium
1631 971 1770 1001 rerum
1791 972 1839 1001 ex
1854 953 1996 1002 calido
2027 962 2069 1000 δε
2089 953 2163 1000 fri-

351 1027 458 1094 gido
474 1058 488 1080 ,
513 1025 718 1090 aridoque
734 1034 776 1073 ὅ(
793 1024 973 1072 humido
985 1022 1101 1070 fuiss'e
1112 1022 1347 1088 profestam
1360 1055 1371 1066 .
1410 1026 1618 1070 Narratur
1633 1025 1718 1069 eius
1734 1026 1953 1089 egregium
1973 1023 2131 1069 fae‘tum
2153 1041 2167 1078 3

353 1094 681 1160 comprehenlus
699 1097 813 1140 enim
839 1094 860 1140 ὲ
880 1092 1081 1141 Nearcho
1102 1123 1116 1146 ,
1159 1091 1242 1139 fiue
1274 1092 1575 1140 Diomedonte
1598 1094 1806 1157 Tyranno
1822 1124 1836 1148 ‚
1865 1108 2018 1140 omncs
2055 1093 2170 1138 illius

351 1167 511 1212 amicos
534 1165 839 1210 coniurationis
852 1161 1042 1209 conscios
1059 1160 1135 1209 effe
1148 1160 1277 1216 dixit,
1292 1160 1448 1208 deinde
1463 1179 1562 1209 cum
1578 1161 1631 1208 ad
1647 1180 1790 1210 aurem
1811 1163 1936 1227 ipsius
1974 1163 2173 1227 Tyranni

352 1236 475 1299 loqui
509 1234 618 1280 velle
635 1233 869 1288 simularet,
885 1249 980 1293 eam
994 1230 1207 1278 mordicus
1224 1230 1530 1297 apprehensam
1561 1248 1650 1279 non
1681 1247 1777 1279 ante
1810 1231 1969 1280 dimisit
1990 1262 2004 1286 ‚
2036 1229 2172 1295 quarn

351 1301 550 1350 dentibus
581 1301 812 1367 perforaret
826 1335 836 1345 .
875 1305 1071 1348 Demum
1086 1301 1299 1365 praecisam
1315 1303 1506 1367 linguam
1529 1303 1574 1347 in
1593 1319 1664 1349 ora
1676 1299 1865 1349 eiusdem
1893 1301 2047 1348 dicitur
2067 1316 2171 1346 con-

351 1369 498 1437 spuiffe
511 1402 526 1426 ,
553 1370 752 1436 ciuesque
767 1369 974 1418 continuo
990 1369 1101 1416 faCto
1117 1372 1282 1434 impetu
1297 1402 1311 1426 ‚
1336 1369 1548 1436 lapidibus
1566 1372 1824 1436 Tyrannum
1837 1369 2016 1418 obruiffe
2034 1402 2046 1413 .
2062 1371 2177 1415 Ima-

353 1459 415 1509 go
442 1440 565 1487 huius
580 1440 833 1505 Philosophi
850 1441 894 1486 in
907 1456 1150 1486 marmoreo
1164 1439 1310 1487 herma
1337 1438 1560 1506 desumpta
1575 1443 1696 1490 estex
1727 1439 1890 1489 schedis
1921 1438 2060 1500 Fuluij
2091 1441 2177 1486 Vr·.

353 1511 430 1560 fini
452 1539 466 1563 ,
485 1508 703 1574 'adscripto
728 1510 908 1556 nomine
925 1514 1188 1563 ΖΗΝΩΝ
1218 1541 1229 1552 .
1281 1509 1384 1557 Alia
1423 1512 1552 1557 etiam
1591 1528 1642 1558 ex
1683 1527 1897 1558 marmore
1936 1509 2083 1557 visitur
2099 1506 2174 1554 ad-

351 1583 491 1629 hucin
508 1581 704 1629 Aedibus
722 1584 999 1634 Farnefianis.
1041 1590 1252 1653 Apuleius
1276 1589 1320 1634 in
1338 1589 1477 1653 prima
1491 1587 1562 1635 sua
1578 1590 1799 1655 Apologia
1813 1591 2037 1636 Zenonem
2060 1587 2170 1632 inter

350 1649 642 1716 Philosophos
665 1651 879 1701 formosos
895 1658 1179 1722 praecellentes
1196 1671 1414 1705 numerat.
1445 1659 1564 1706 Vixit
1581 1658 1854 1726 Olympiade
1882 1674 1956 1705 cx·
1988 1654 2175 1705 eodenh'

347 1736 646 1787 temporequo
659 1725 801 1788 Cyrus
813 1723 925 1775 Afiae
936 1729 1170 1794 Imperium
1188 1727 1324 1776 tenuit
1336 1758 1348 1770 .
