2336 3700
437 325 514 389 16

347 421 517 488 liquerit
538 450 550 462 .
566 420 628 464 At
645 416 758 464 nulla
777 414 908 465 virtus
923 446 936 471 a
950 411 1152 481 nullaque
1165 413 1268 461 boni
1284 444 1297 468 ,
1310 414 1496 477 reetique
1511 415 1625 460 fama
1638 413 1746 459 inter
1759 412 1957 461 mortales
1971 413 2027 461 est
2043 411 2064 459 ἓι
2079 414 2156 460 cri-

348 488 656 541 minationibus
686 486 900 539 obnoxia,
930 500 975 532 vt
1004 484 1055 531 de
1085 486 1228 532 multis
1252 482 1509 547 sapientibus
1527 513 1540 536 ‚
1565 482 1703 546 deque
1719 482 1810 544 ipso
1829 487 1995 528 Socrate
2015 483 2155 546 palam

350 559 509 610 constat
524 589 536 601 .
553 560 662 603 Non
679 553 829 601 desunt
845 555 917 618 qui
931 557 1132 601 Senecam
1150 552 1420 612 contuinelijs
1436 548 1684 605 afficiant,vt
1703 551 1793 596 Dio
1810 554 1981 598 Graecus
2007 552 2161 605 homo,

352 630 426 696 qui
445 644 542 674 cum
576 624 746 672 Duillio
778 640 880 688 opes
897 625 1007 677 cius,
1035 624 1208 670 lectulos
1222 621 1442 674 cedrinos,
1471 620 1694 667 hortorum
1711 623 1995 674 amaenitateS,
2012 628 2054 667 δέ
2070 637 2159 666 ma-

355 695 645 765 gnificentiam
660 694 841 757 grauiter
871 695 1055 755 increpat
1073 723 1086 746 ,
1118 692 1337 753 multaque
1352 689 1433 734 alia
1464 689 1623 735 incusat
1637 720 1651 743 ,
1667 703 1870 753 tanquam
1900 687 2165 753 Pliilosopho

352 766 528 830 indigna
558 795 569 806 .
605 762 773 824 Qbus
791 762 992 807 omnibus
1008 765 1160 806 Seneca
1182 760 1266 823 ipse
1284 757 1550 804 disertissime
1577 756 1800 822 respondet
1830 759 1940 804 libro
1968 758 2019 804 de
2038 763 2164 803 Beata

353 839 454 885 Vita
481 852 491 879 :
526 847 651 896 atque
665 832 761 877 alibi
776 848 825 875 ex
863 829 946 876 suis
974 828 1134 893 scriptis
1158 828 1440 892 frugalitatem
1458 857 1472 881 ³
1502 826 1796 873 abstinentiam
1813 858 1826 880 ,
1857 845 1902 873 ac
1939 832 1956 888 (
1974 827 1998 873 li
2017 826 2077 873 fas
2108 825 2165 871 est

354 905 523 961 dicere)
545 901 805 948 sanititatem
837 897 1037 962 agnosces
1066 931 1076 941 .
1128 899 1336 944 Nostrum
1365 897 1543 941 minime
1569 896 1625 942 est
1651 897 1756 941 tanti
1787 895 2041 960 Philosophi
2071 902 2163 943 vin-

355 975 492 1021 dicare
518 970 708 1022 famam,
735 969 799 1014 cui
825 966 963 1014 valida
992 966 1233 1012 defensione
1259 964 1354 1010 satis
1372 964 1589 1027 prouisum
1620 965 1700 1009 fuit
1725 964 1748 1010 a
1776 965 1887 1012 Iusto
1919 963 2085 1030 Lipsio,
2117 979 2165 1008 ac

355 1042 557 1091 Antonio
576 1038 729 1086 Delrio
744 1034 916 1082 Clariss.
933 1037 1044 1083 Viris
1061 1038 1104 1080 in
1117 1036 1203 1082 eius
1222 1035 1305 1080 vita
1322 1064 1335 1087 ,
1364 1046 1490 1096 atque
1509 1032 1563 1078 ab
1581 1032 1670 1090 aliis
1689 1035 1817 1079 etiam
1832 1065 1845 1087 ,
1870 1035 1944 1097 qui
1962 1036 2048 1079 eius
2070 1048 2164 1079 nio-

356 1128 445 1163 reS,
470 1108 704 1171 scriptaque
731 1105 947 1171 praeconijs
962 1119 1191 1150 exornant.
1231 1102 1477 1165 Principem
1490 1100 1735 1147 eruditionis
1750 1105 1950 1148 Senecam
1973 1117 2164 1167 pronun-

358 1179 484 1227 ciauit
502 1178 666 1224 Plinius
683 1206 695 1230 ‚
710 1177 752 1220 in
772 1191 910 1237 eoque
939 1174 1072 1220 multa
1089 1170 1306 1237 probanda
1320 1202 1333 1226 ,
1368 1171 1503 1216 multa
1517 1172 1645 1216 etiam
1662 1169 1909 1217 admiranda
1923 1172 1967 1216 in
1985 1169 2055 1217 sua
2069 1185 2168 1217 cen-

356 1249 449 1297 sura
486 1246 642 1293 fatetur
670 1244 960 1302 Quintilianus
976 1275 986 1285 .
1024 1242 1182 1290 Nostra
1198 1246 1363 1289 Senecae
1393 1255 1444 1285 ex
1476 1256 1689 1285 marmore
1717 1240 1862 1304 imago
1890 1239 2074 1287 eundem
2106 1258 2169 1286 re-

358 1314 593 1384 praesentat,
610 1313 781 1378 qualem
797 1313 836 1358 T
840 1313 1114 1376 acitus‚atque
1129 1311 1215 1376 ipse
1233 1324 1319 1357 met
1334 1310 1378 1355 in
1391 1307 1473 1354 suis
1487 1307 1670 1372 epistolis
1683 1307 1878 1355 describit
1892 1325 2019 1373 parco
2037 1310 2169 1362 viCtu,

358 1400 486 1450 atque
511 1383 636 1443 varijs
664 1380 915 1428 morborum
931 1380 1155 1445 generibus
1171 1391 1444 1426 extenuatum
1461 1409 1472 1420 .
1507 1375 1647 1441 Ipsam
1671 1380 1817 1424 Roma
1852 1395 1902 1423 ex
1934 1376 2175 1425 Bibliothe-

359 1472 407 1501 ca
421 1454 599 1501 Camilli
612 1450 850 1498 Cardinalis
879 1450 1064 1496 Maximi
1083 1448 1465 1496 Excellentiffimus
1482 1449 1541 1492 D.
1558 1444 1723 1511 Gaspar
1737 1444 1790 1494 de
1808 1450 1951 1502 Ham,
1985 1454 2027 1494 δε
2058 1445 2174 1495 Gus-

359 1539 461 1570 man
475 1521 705 1570 Catholicae
720 1517 949 1566 Maiestatis
963 1518 1072 1583 apud
1089 1520 1386 1565 Innocentium
1399 1518 1770 1570 Xl-Orator,nunc
1789 1516 2069 1579 Neapolitani
2084 1518 2174 1562 Re-

358 1594 435 1659 gni
451 1595 608 1639 Prorex
624 1607 722 1636 cum
738 1589 909 1635 Hermis
925 1619 937 1642 ‚
954 1605 1138 1652 cumque
1156 1588 1244 1634 aliis
1261 1585 1487 1633 Illustribus
1513 1615 1527 1639 ,
1544 1597 1590 1631 vt
1611 1584 1796 1632 diximus
1817 1616 1831 1640 a
1846 1585 2088 1648 asportauit.
2107 1587 2174 1631 Si·

360 1661 476 1709 milis
493 1662 639 1725 imago
656 1654 819 1704 Senecae
834 1674 1070 1704 marmorea
1088 1656 1253 1703 extabat
1270 1653 1381 1719 apud
1397 1654 1596 1701 Fuluium
1618 1654 1818 1701 Vrfinum
1839 1685 1850 1697 .
1887 1655 2171 1701 Simulacrum

359 1730 461 1778 vero
488 1730 510 1775 ὲ
536 1730 660 1792 nigro
678 1725 845 1791 lapide,
871 1724 987 1772 sestis
1006 1726 1150 1779 venis,
1168 1727 1212 1771 in
1239 1725 1390 1772 balneo
1407 1723 1629 1777 morituri,
1663 1723 1778 1770 aede
1805 1724 1957 1772 virtute
1974 1721 2171 1772 differen-

359 1802 413 1847 tis
431 1801 475 1846 in
490 1799 638 1845 Hortis
668 1795 814 1844 visitur
831 1794 1124 1861 Burghefianis
1140 1797 1295 1842 Romae
1308 1825 1320 1838 .

1008 2009 1532 2077 SOLON.

362 2137 453 2273 S
469 2210 652 2257 OLON
682 2200 949 2252 Atheniensis
976 2201 1204 2266 Legissator
1219 2232 1234 2256 ,
1262 2202 1425 2268 septem
1440 2204 1614 2250 Graeciae
1643 2202 1884 2267 sapientum
1903 2217 2084 2250 numero
2099 2202 2174 2250 ad-

363 2278 538 2343 scriptus
552 2310 565 2332 ,
582 2276 671 2324 imo
686 2276 883 2321 omnium
899 2270 1223 2336 sapientissimus
1241 2305 1252 2315 .
1290 2276 1405 2319 Cum
1422 2276 1537 2318 enim
1555 2289 1605 2317 ex
1633 2271 1696 2318 his
1728 2272 1830 2319 alter
1856 2273 2033 2319 alterum
2054 2274 2098 2319 in
2112 2272 2175 2319 sa-

362 2346 525 2412 pientiai
538 2349 723 2410 primum
738 2343 1038 2408 proclamaret,
1063 2340 1198 2385 Solon
1215 2341 1409 2404 Delphos
1424 2340 1545 2388 millo
1559 2340 1742 2406 tripode,
1759 2341 2010 2406 Apollinem
2030 2339 2174 2388 solum

362 2416 567 2481 sapientie
581 2415 822 2477 Principem
834 2408 1182 2456 ass‘eruitDeinde
1196 2410 1310 2471 Ctesi
1325 2413 1456 2476 Regis
1469 2409 1787 2458 fortunatiffimi
1799 2408 1997 2456 thesauris
2009 2409 2172 2474 spretis,

366 2485 626 2535 Mortalium
640 2481 911 2529 neminemin
925 2478 1001 2527 hac
1028 2480 1115 2526 vita
1134 2478 1304 2526 beatum
1320 2478 1396 2527 esse
1414 2480 1607 2526 monuit:
1639 2496 1770 2544 quam
1797 2477 2049 2526 sententiam
2076 2482 2175 2526 Rex

368 2555 449 2603 suo
466 2552 665 2617 exemplo
677 2549 862 2597 firmauit
874 2580 884 2591 .
921 2548 1092 2595 Solonis
1110 2550 1264 2594 Vultus
1293 2547 1496 2614 expressus
1512 2548 1568 2596 est
1582 2566 1632 2595 ex
1648 2549 1807 2594 anulari
1819 2545 1993 2612 gemma
2008 2547 2175 2595 Achate

370 2622 502 2671 Sarda
516 2618 770 2670 incisasolim
786 2615 895 2683 apud
909 2618 1107 2664 Fuluium
1119 2617 1542 2684 Vrsinum2adscripto
1554 2619 2177 2677 noinineEOAssNOE‚cui

370 2697 554 2744 similem
592 2695 779 2745 vidimus
795 2697 838 2741 in
853 2693 1134 2741 Pinacotheca
1149 2695 1378 2761 Hyppoliti
1395 2692 1646 2755 Vitelleschij
1661 2697 1827 2761 Equitis
1841 2699 2061 2753 Romani,
2082 2701 2175 2761 stag

370 2780 540 2812 tuarum
554 2795 568 2820 ‚
597 2781 889 2818 marmorum,
903 2762 1128 2826 omnisque
1144 2765 1326 2829 antiquae
1351 2762 1643 2828 suppellestilis
1660 2766 1920 2813 ornamentis
1954 2765 2176 2813 decorata.

370 2837 396 2880 S
403 2834 559 2880 enilem
580 2837 668 2881 eius
687 2836 1080 2881 LXXX.annorum
1093 2846 1258 2880 aetatem
1272 2830 1396 2880 refert
1411 2863 1425 2888 ,
1447 2831 1628 2880 Athenis
1644 2835 1916 2900 tyrannidem
1931 2834 2143 2883 Pisistrato
2154 2866 2172 2892 ‚

366 2906 525 2951 Romae
555 2906 700 2951 Seruio
727 2902 874 2952 Tullio
889 2917 1068 2969 regnum
1084 2902 1324 2951 tenentibus
1338 2934 1349 2946 .

1873 3113 2106 3160 SOCRA-
