2336 3700
774 527 843 573 M.
880 528 1240 580 METTIVS

672 598 1320 648 EPAPHRODITVS

507 664 1105 714 GRAMMATICVS
1154 671 1494 719 GRAECVS

415 734 483 783 M.
535 734 885 781 METTIVS
924 736 1400 787 GERMANVS-
1439 743 1586 788 FEC.

160 872 291 922 Fuisse
307 872 508 921 libertum
527 871 743 931 M-Mettij
762 873 850 917 eius
868 902 883 925 ‚
908 874 984 937 qui
1009 876 1272 940 temporibus
1292 882 1345 924 C.
1366 878 1542 926 Caesaris
1561 882 1795 928 Distatoris
1827 883 1906 929 flo-

91 947 174 993 ruit
193 975 207 998 ,
233 943 298 990 vel
317 945 458 1007 potius
473 943 647 989 alicuius
677 940 863 989 filiorum
888 955 1080 990 autumat
1110 945 1244 992 Faber
1264 981 1276 1002 ,
1315 965 1412 995 cum
1442 947 1593 997 scribat
1622 950 1771 997 Suidas
1798 954 1910 1016 Epa-

87 1012 337 1080 phroditum
355 1031 404 1058 ex
424 1013 554 1077 patria
569 1011 804 1060 Chaeronea
819 1013 1013 1060 Romam
1030 1012 1346 1081 venifle,ibique
1365 1021 1707 1081 Impp-Nerone,
1727 1029 1770 1066 δε
1789 1023 1905 1068 Ner-

86 1101 140 1131 ua
154 1080 346 1129 floruiffe.
364 1079 634 1134 Librum2seu
653 1080 997 1145 volumemquod
1015 1100 1145 1130 manu
1159 1084 1343 1137 tenende
1360 1087 1505 1152 aliquo
1523 1105 1649 1152 opere
1669 1092 1903 1138 Gramma—

88 1154 176 1200 tico
201 1150 402 1216 scriptum
430 1149 631 1198 credibile
658 1149 744 1202 est,
781 1147 947 1198 fortasse
963 1150 1005 1196 id
1022 1152 1185 1216 ipsum,
1214 1169 1263 1201 vt
1292 1155 1407 1201 idem
1436 1155 1595 1207 Faber,
1627 1158 1746 1221 quod
1780 1173 1901 1205 vetus

89 1226 425 1270 Commentator
438 1220 656 1267 Theocriti
673 1217 797 1266 titulo
813 1205 928 1276 w&
940 1217 1146 1293 ςοιχῑιὶονε
1160 1226 1224 1271 De
1237 1222 1482 1280 Elementis‚
1495 1225 1565 1272 etfi
1583 1225 1734 1274 scribat
1752 1226 1905 1274 Suidas

91 1295 301 1342 Mettium
316 1295 428 1342 hunc
457 1295 578 1342 valde
592 1295 784 1344 deditum
801 1297 919 1345 fuille
950 1300 1066 1347 libris
1096 1299 1221 1358 varijs
1254 1294 1532 1366 colligendis,
1561 1318 1798 1367 eorumque
1826 1321 1907 1350 co-

87 1365 206 1430 piam
224 1381 426 1431 magnam
445 1364 671 1431 possedille.
688 1368 934 1432 Antiquam
951 1386 1002 1418 ex
1020 1386 1234 1417 marmore
1260 1370 1532 1417 simulacrum
1551 1382 1663 1417 extat
1689 1373 1734 1418 in
1764 1372 1903 1421 Aedi-

88 1433 169 1551 lgs
195 1433 304 1552 gilini
331 1438 413 1500 Eq.
430 1435 679 1482 Balthasaris
706 1435 863 1498 Palutij
886 1467 901 1494 ‚
948 1453 1066 1485 nunc
1102 1439 1395 1487 Excellentiss.
1422 1440 1628 1505 Principis
1649 1441 1709 1487 D.
1730 1442 1892 1508 Angeli

146 1519 168 1550 e
257 1519 369 1566 tean
387 1535 399 1547 .

608 1725 1433 1794 HERODOTVS.

89 1853 584 1989 HERODOTVS
611 1923 1074 1972 HALICARNASSI
1100 1924 1235 1970 nobili
1251 1942 1465 1990 exgenere
1484 1940 1607 1973 natus
1624 1923 1793 1973 summa
1813 1926 1908 1975 fluit

87 1992 248 2056 eloquij
268 1990 485 2044 suauitate,
497 2009 543 2037 ac
559 1991 985 2040 iucunditate-Musas!
997 2009 1157 2041 nouem
1174 1995 1185 2038 i
1191 1994 1297 2057 pfius
1314 2011 1386 2040 ore
1398 1994 1562 2042 locutas
1576 1995 1734 2051 ferunt,
1751 1995 1908 2060 quibus

89 2061 264 2110 &idem
289 2059 420 2106 libros
443 2059 540 2106 suos
570 2077 686 2125 pares
719 2076 898 2109 numero
919 2092 933 2116 ,
972 2080 1019 2108 ac
1050 2063 1228 2110 nomine
1261 2061 1465 2129 inscripfit
1486 2096 1499 2108 .

297 2131 347 2176 H
350 2127 512 2176 erodbte
527 2131 614 2176 tuis
632 2130 740 2176 dant
741 2129 915 2196 scriptis
930 2130 1104 2177 nomina
1132 2131 1273 2195 M'uste
1290 2165 1303 2188 ‚

304 2197 464 2263 Tuque
475 2197 591 2246 doces
607 2198 761 2262 Musas
775 2198 946 2248 dulciiss
957 2216 1025 2247 ore
1039 2200 1162 2263 loqui
1180 2232 1193 2244 .

159 2266 354 2324 Historiae
365 2282 481 2331 pater
501 2299 512 2322 ,
542 2270 709 2315 l³rimus
729 2299 742 2320 ,
773 2286 818 2314 ac
838 2273 1036 2334 Princeps
1052 2268 1278 2323 vetustate,
1315 2277 1358 2317 Sc
1373 2271 1488 2317 cultu
1523 2271 1725 2318 orationis
1740 2300 1754 2324 ‚
1787 2268 1907 2318 solus

91 2338 329 2385 Homerico
354 2335 464 2383 sono
497 2338 715 2401 proximus
732 2337 949 2393 laudatur,
966 2355 1027 2385 res
1042 2337 1174 2403 gestas
1191 2340 1425 2386 litterarum
1453 2341 1751 2389 monumentis
1782 2355 1916 2387 com-m

90 2406 301 2473 positione
316 2436 330 2460 ,
365 2423 413 2453 ac
427 2406 536 2474 stylo
548 2405 671 2452 altius
687 2407 925 2454 extollens&
942 2411 1050 2472 Cyri
1074 2421 1193 2454 aetate
1210 2438 1224 2462 ,
1253 2409 1328 2471 qui
1357 2410 1521 2473 primus
1556 2407 1776 2457 Persarum
1823 2410 1904 2455 im-

92 2477 258 2541 perium
276 2476 427 2529 tenuit,
443 2474 495 2521 ad
514 2474 689 2522 Xersem
706 2474 759 2521 ab
774 2476 1107 2523 Atheniensibus
1135 2475 1286 2539 infigni
1313 2477 1458 2541 praelio
1490 2477 1544 2525 ad
1584 2477 1904 2543 Thermopylas

92 2547 255 2592 vietum
275 2577 285 2586 .
322 2549 442 2607 Qas
458 2543 600 2592 laudes
618 2561 771 2592 omnes
786 2545 821 2590 ei
839 2546 1057 2601 tribuunt3
1087 2544 1158 2592 etsi
1174 2546 1306 2610 aliqui
1325 2545 1534 2608 mendaci}
1551 2547 1692 2613 ipsum
1719 2559 1909 2610 arguant,

90 2628 140 2662 vt
156 2615 230 2678 qui
263 2612 474 2660 fabulosas
490 2615 749 2662 narrationes
763 2615 842 2660 luae
860 2614 1038 2664 historiae
1056 2613 1210 2661 inserat
1221 2646 1234 2659 .
1271 2618 1393 2662 Cum
1406 2615 1558 2664 author
1580 2614 1717 2663 fuisset
1733 2612 1904 2679 Lygda-

90 2685 177 2730 mis
205 2682 451 2729 Herodotus
484 2683 722 2746 expellendi
751 2683 972 2749 Tyranni,
998 2682 1171 2729 suorum
1196 2684 1357 2730 ciuium
1380 2684 1569 2739 inuidia,
1589 2684 1721 2742 abiit,
1745 2691 1788 2730 δε
1808 2699 1907 2729 cum

92 2751 422 2802 Atheniensium
465 2753 656 2798 Colonia
685 2751 898 2799 Thurium
924 2753 1049 2801 Italiae
1064 2752 1227 2800 Vrbem
1245 2753 1456 2818 profe&us
1473 2783 1487 2808 ,
1515 2754 1577 2801 ibi
1609 2753 1745 2799 vitam
1772 2749 1905 2814 finijt.

92 2822 196 2869 Eius
213 2825 373 2868 Herma
389 2821 494 2868 olim
512 2819 678 2868 extabat
690 2822 736 2868 in
757 2822 894 2884 Fuluij
912 2821 1051 2870 Vrfini
1065 2820 1331 2870 Bibliotheca
1348 2853 1359 2866 .

1712 3164 1828 3211 130-
