2336 3700
428 334 501 372 12

338 424 381 468 lo
410 424 470 470 De
480 420 627 470 Marci
637 419 798 484 Aurelr'j
817 419 925 466 Vita
941 420 1231 484 legitur‚omni
1244 418 1448 473 doctrina,
1465 416 1750 481 omnibusque
1770 416 1940 462 moralis
1958 411 2157 459 Philoso—

341 491 447 555 phia:
477 493 692 555 praeceptis
721 488 771 534 ad
802 489 1091 535 instruendum
1117 491 1311 536 animum
1330 487 1502 535 refertus
1522 488 1592 543 est3
1608 505 1657 534 ex
1673 503 1762 550 quo
1779 488 1948 531 Marcus
1966 484 1986 527 a
2004 481 2151 527 Philo-

340 561 496 625 sophiae
519 558 676 617 studiis,
698 558 829 620 vulgo
849 558 1133 622 Philosophus
1149 559 1480 622 cognominatur
1496 589 1506 600 .
1535 558 1648 604 Tam
1666 571 1820 619 magna
1834 552 1936 600 vcro
1947 552 2012 596 hic
2029 551 2152 596 Prin-

341 646 437 693 ceps
452 628 567 674 dedit
594 628 877 690 experimenta
907 629 1113 673 virtutum
1129 659 1143 681 ,
1189 642 1234 674 vt
1253 628 1393 691 palam
1411 626 1555 673 fecerit
1569 656 1583 680 ,
1613 626 1750 671 literas
1765 641 1810 670 ac
1827 619 2151 683 Philosophiam

342 700 447 744 nihil
479 696 637 742 bellicis
674 695 868 742 laudibus
889 695 1086 752 officere,
1117 714 1162 743 ac
1177 695 1377 760 sapientia
1409 697 1570 762 tnagis,
1614 693 1744 760 quam
1771 693 1959 758 corporis
1991 688 2150 735 viribus

343 783 460 813 arma
484 764 761 812 administrari
780 797 790 809 .

908 934 1574 999 MAXIMVS„

345 1031 796 1167 MAEIMOE
835 1098 1208 1149 ΣΕΟΥΗΡΟΥ
1238 1097 1564 1146 ΡΩΜΑΙΟΣ
1607 1100 1827 1146 Maximus
1857 1097 1999 1145 Seueri
2041 1097 2150 1147 filius

346 1180 574 1223 immamus
604 1209 615 1219 .
655 1178 782 1222 Extat
811 1173 1029 1238 inscriptio
1052 1177 1094 1219 in
1109 1173 1220 1220 istius
1252 1170 1504 1235 Philosophi
1522 1171 1668 1216 herma
1681 1167 1765 1214 fine
1794 1167 1926 1229 capite
1940 1199 1951 1209 .

414 1250 627 1293 Autumat
642 1244 788 1298 Faber,
805 1244 915 1290 hunc
931 1244 1177 1291 Pv'iaximum
1195 1240 1311 1288 fuisse
1326 1242 1477 1287 Iuliani
1494 1238 1674 1303 Augusti
1687 1236 2057 1301 praeceptorenude
2073 1240 2163 1303 quo

348 1316 535 1363 diximus
549 1318 593 1361 in
611 1315 700 1361 eius
729 1315 916 1378 imagine
937 1311 1227 1366 antecedenti,
1263 1311 1380 1356 cuius
1413 1311 1547 1357 vitam
1575 1305 1771 1354 describit
1793 1305 2009 1369 Eunapius
2033 1339 2043 1349 .
2075 1309 2159 1357 Sed

347 1401 437 1433 non
453 1383 599 1439 video,
615 1401 687 1430 cur
703 1382 773 1428 illc
789 1384 960 1434 natione
979 1383 1152 1428 Graecus
1170 1412 1183 1434 a
1218 1394 1344 1444 atque
1366 1378 1569 1444 Ephesius
1598 1376 1649 1422 de
1678 1375 1761 1420 hoc
1790 1373 1932 1420 nostro
1952 1377 2160 1425 Romano

348 1452 563 1521 praedicari
575 1452 720 1518 poffit.
732 1452 995 1504 Hunc,cuius
1009 1451 1052 1496 in
1070 1449 1212 1496 nostro
1230 1449 1374 1495 herma
1391 1449 1601 1495 memoria
1616 1458 1742 1498 extat,
1756 1444 2001 1489 Maximum
2018 1448 2162 1509 potius

345 1536 640 1591 preceptorem
658 1520 890 1579 M-Aurelij
909 1517 986 1566 effe
1001 1516 1300 1582 opinamur2de
1315 1535 1405 1582 quo
1421 1516 1474 1564 sic
1492 1511 1975 1580 CapitolinustAucliuit
1986 1528 2048 1569 ξφ
2060 1519 2168 1571 sexa

347 1605 445 1641 tum
463 1590 750 1656 Cheronenfim
766 1588 987 1635 Plutarchi
1005 1588 1222 1653 Nepotem
1238 1618 1252 1642 ‚
1274 1586 1458 1634 Iunium
1475 1584 1701 1648 Rusticum
1717 1613 1730 1635 ,
1750 1580 1990 1627 Claudiam
2001 1586 2060 1630 M
2062 1586 2164 1632 axi-

348 1675 552 1717 murm&
566 1661 766 1712 Cinnam,
778 1657 990 1704 Catulum
1007 1658 1162 1704 Stoicos
1175 1690 1185 1701 .
1199 1657 1338 1703 Huius
1357 1654 1609 1719 Philosophi
1625 1664 1842 1718 praecepta,
1859 1665 1986 1711 atque
2002 1654 2170 1701 inform·

341 1747 385 1779 ta
407 1730 522 1776 idem
557 1731 730 1776 Marcus
746 1725 929 1774 recenset
944 1729 987 1773 in
1000 1728 1086 1773 eius
1102 1729 1190 1774 vita
1205 1757 1219 1780 ‚
1231 1726 1355 1772 cui&
1368 1724 1547 1772 statuam
1564 1723 1843 1783 hermamque
1862 1719 2022 1785 abipso
2049 1723 2162 1786 pofi-

347 1816 435 1848 tam
462 1796 577 1845 fuiffc
594 1796 790 1844 credibile
805 1794 884 1843 est:
906 1794 1106 1843 Tantum
1119 1796 1229 1843 enim
1244 1792 1408 1841 honoris
1426 1798 1503 1854 (vt
1519 1793 1659 1855 inquit
1691 1790 1962 1852 Capitolinus
1977 1791 1995 1847 )
2018 1793 2166 1855 Magi.»

338 1868 439 1934 stris
443 1867 542 1932 fiais
563 1865 723 1914 detulit
751 1867 808 1913 M
812 1881 936 1912 arcus
950 1895 964 1918 ,
994 1877 1049 1912 vt
1072 1865 1270 1926 imagines
1285 1879 1428 1909 eorum
1444 1876 1592 1908 aureas
1615 1864 1660 1908 in
1692 1857 1870 1904 Larario
1898 1856 2087 1915 haberet,
2114 1879 2166 1910 ac

352 1939 480 1985 etiam
500 1935 710 1983 Frontoni
725 1933 921 1997 statuam
934 1934 980 1980 in
997 1938 1153 1980 Senam
1174 1938 1324 1998 petijt.
1362 1933 1502 1979 Huius
1528 1926 1780 1992 Philosophi
1809 1927 1951 1986 eximij
1979 1928 2166 1980 herma&

350 2005 524 2054 Schedis
564 2004 699 2061 Fuluii
721 2001 857 2050 Vrsini
879 2001 1133 2065 descriptus,
1159 2018 1248 2049 non
1277 2001 1363 2048 fine
1391 2017 1547 2066 magna
1574 1997 1779 2063 temporis
1807 1996 1982 2063 iniuria,
2016 1999 2165 2050 auulso

355 2077 492 2142 capite
509 2105 522 2130 ‚
538 2090 589 2120 ex
614 2071 742 2121 Vrbis
760 2073 891 2118 ruinis
904 2086 1041 2119 erutus
1058 2070 1164 2118 fuit.

746 2250 1079 2316 NVMA
1145 2249 1767 2316 POMPILIVS.

352 2345 499 2485 N
520 2419 702 2465 VMAE
738 2421 870 2484 Regis
886 2418 1118 2483 sapientia,
1144 2435 1233 2467 vno
1249 2419 1444 2466 omnium
1462 2435 1562 2471 ore,
1591 2417 1797 2465 celebrata
1824 2434 1904 2465 nos
1933 2417 2170 2477 admonet,

356 2503 405 2536 vt
418 2488 559 2534 eume
593 2488 704 2534 solio
716 2488 767 2535 ad
793 2488 977 2535 Palladis
995 2518 1010 2543 ,
1038 2488 1351 2553 Musarumque
1366 2486 1544 2535 chorum
1560 2489 1813 2534 extollamus
1831 2521 1841 2532 .
1876 2490 2040 2556 Inclyta
2067 2490 2166 2539 sane

360 2559 451 2604 eius
464 2556 645 2611 iustitia,
678 2557 870 2611 ac,s1fas
888 2556 1089 2604 estdicere
1105 2588 1118 2610 ,
1147 2559 1322 2622 Religio
1337 2557 1473 2622 ipsum
1495 2555 1547 2602 ad
1577 2559 1832 2603 Romanum
1845 2555 2001 2605 solium
2013 2558 2169 2607 admo-³

354 2624 578 2690 uit‚quod
595 2627 716 2671 omni
730 2625 829 2672 sacri
847 2656 860 2680 a
892 2626 1158 2690 humanique
1175 2627 1273 2675 iuris
1303 2626 1493 2675 doctrina
1511 2627 1696 2672 muniuit
1718 2659 1729 2669 .
1766 2630 1877 2673 Non
1905 2625 2058 2676 desunt
2085 2630 2165 2695 qui

356 2699 559 2742 Numam
576 2694 830 2761 Pythagora:
845 2694 1096 2758 discipulum
1114 2694 1275 2753 faciunt
1290 2726 1304 2751 9
1334 2704 1375 2743 &
1392 2695 1444 2742 ad
1463 2695 1584 2742 illum
1598 2693 1859 2742 audiendum
1891 2699 2163 2749 Crotonem..

353 2761 610 2810 contendisse
639 2778 839 2819 narrant3
868 2766 975 2828 quin
1003 2766 1132 2810 etiam
1167 2766 1299 2812 multa
1327 2766 1442 2812 iuxta
1475 2764 1730 2829 Pythagorae
1764 2780 1969 2830 praecepta
1994 2770 2164 2816 Roma-

353 2848 434 2879 nos
469 2829 650 2879 docuisse
676 2846 888 2880 memorat
913 2832 1189 2879 Plutarchus.
1240 2831 1321 2881 Sed
1361 2833 1440 2880 hos
1467 2835 1630 2880 ratione
1661 2847 1906 2898 temporum
1939 2836 2006 2895 alij
2035 2838 2161 2885 refel-

352 2903 447 2948 lunt
471 2932 486 2957 ,
528 2918 628 2947 cum
657 2903 925 2967 Pythagoras
953 2917 1126 2949 centum
1170 2905 1291 2949 annis
1327 2902 1502 2949 inferior
1518 2905 1668 2949 Numa
1688 2904 1877 2950 floruerit
1901 2905 1944 2950 in
1969 2907 2126 2956 Italia„
2143 2940 2160 2966 ,

353 2988 442 3036 quo
471 2985 665 3035 tempore
694 2975 1033 3037 Metapontum,
1064 2979 1108 3019 &
1126 2975 1368 3020 Crotonem
1396 2971 1545 3039 petiit,
1571 2971 1720 3038 ibique
1752 2973 1865 3038 leges
1881 2971 2023 3021 dedit.

1973 3112 2092 3158 1³th
