2336 3700
1869 388 1911 444 7

186 498 308 528 mum
323 510 335 534 >
364 479 447 527 flue
464 493 716 526 acroterium
732 509 744 532 ,
764 478 985 524 maritimae
1003 479 1165 543 Vlyffis
1182 475 1535 542 peregrinationis
1550 476 1802 541 symbolum
1817 508 1832 532 ,
1848 490 1997 523 tenena

184 567 301 604 tem,
332 550 387 595 ab
420 564 509 596 vno
531 549 659 595 latere
687 563 893 595 nummus
921 548 1103 596 ostendit
1129 564 1228 596 cum
1259 550 1438 594 nomine
1477 547 1757 598 OMHPOC
1781 568 1792 595 ε
1829 546 1883 592 ab
1913 546 1999 591 alio

179 635 389 668 coronam
404 618 613 671 lauream,
634 617 676 664 in
694 619 812 664 cuius
825 614 970 664 medio
985 619 1137 682 legitur
1155 621 1596 674 CMYPNAIQN.
1626 619 1841 666 Plurimos
1862 619 1998 662 Ama=

181 697 273 746 stris
288 699 401 747 Vrbs
431 699 563 744 Ponti
593 695 859 743 nobiliffima
883 697 929 742 in
955 696 1080 743 huius
1100 699 1241 744 Poetae
1257 697 1439 761 gratiam
1460 711 1667 742 nummos
1683 693 1863 759 signauit
1877 723 1890 744 ,
1904 709 1995 741 non

178 768 298 833 quod
311 787 390 834 pro
407 767 588 813 Homeri
603 766 731 812 natali
744 763 1019 813 contenderet
1033 797 1045 820 ,
1062 765 1132 812 sed
1152 766 1269 830 quod
1284 767 1539 819 carminum,
1555 782 1601 810 ac
1618 763 1833 828 sapientiae
1856 760 1999 822 studijs

175 836 319 885 eidem
332 836 428 884 esset
437 834 807 889 addiftiffimawel
821 848 868 882 vt
881 835 972 895 alijs
985 834 1196 900 placet‚ob
1213 839 1525 901 Smyrncgorum
1543 831 1809 880 affinitatem.
1827 835 1999 878 Horum

172 908 409 973 praecipuus
441 921 648 952 nummus
673 905 855 952 Homeri
881 905 1048 952 vultum
1077 907 1121 952 in
1138 904 1275 951 amicir
1299 904 1508 958 refert,in
1534 900 1692 967 postica}
1721 900 1824 948 vero
1861 900 1999 960 Fluuij

174 976 351 1025 Meletis
364 975 537 1022 iacentis
549 973 824 1022 simulacrum
848 991 948 1022 cum
975 975 1102 1022 literis
1118 978 1360 1032 MEAHC
1396 974 1923 1027 AMACTPIANQN
1950 968 2004 1016 ad

172 1050 547 1118 comprobandam
569 1051 696 1118 ipsius
717 1055 901 1117 patriam
919 1055 1151 1118 Smyrnam
1168 1085 1182 1109 ,
1217 1071 1350 1119 quam
1364 1053 1496 1102 Melis
1510 1052 1630 1099 alluit
1647 1083 1660 1107 ,
1677 1059 1721 1099 δε
1742 1053 1857 1097 iuxta
1872 1064 2005 1114 quem

171 1125 421 1173 Homerum
437 1124 486 1172 in
515 1124 655 1170 lucem
668 1120 831 1171 editum
850 1120 1105 1171 afferebant.
1140 1122 1244 1171 Inde
1259 1124 1376 1186 Statij
1399 1122 1624 1188 vulgatum
1639 1138 1809 1169 carmen
1832 1121 1886 1168 de
1909 1115 2005 1184 ipso

173 1194 286 1241 Vate
871 1246 873 1249 .

329 1266 514 1330 Smyrna
533 1261 614 1309 tibi
630 1260 776 1310 natale
775 1262 931 1328 solum
944 1292 956 1316 ,
972 1263 1180 1329 potusque
1210 1261 1398 1314 verendo

427 1336 562 1380 Fonte
586 1335 646 1382 M
648 1332 722 1381 eles
750 1365 762 1376 .

251 1402 433 1451 Fluuius
446 1401 590 1450 dextra
626 1402 766 1468 lyram
796 1416 912 1448 tenet
935 1401 987 1449 ad
1016 1401 1293 1451 indicandum
1324 1401 1549 1453 Musarum
1577 1399 1762 1448 Alumni
1792 1396 1958 1450 rne1053
1984 1394 2008 1441 ὰ

175 1470 336 1519 Pluuio
368 1487 512 1521 autem
545 1473 708 1520 Melete
744 1475 964 1519 Homerus
993 1487 1116 1520 antea
1142 1473 1424 1540 Melefigenes
1451 1503 1467 1526 a
1508 1471 1624 1536 quasr
1655 1471 1829 1519 Meletis
1874 1466 2003 1513 Filius

177 1540 263 1588 fuit
295 1543 629 1609 cognominatus
647 1575 659 1586 .
694 1540 860 1588 Eadem
893 1542 1004 1588 Vrbs
1021 1543 1470 1593 Amastrisaliosduos
1484 1557 1614 1587 aereos
1632 1554 1839 1588 nummos
1869 1535 2007 1602 {igna—

176 1611 241 1656 uit
256 1629 270 1667 3
287 1628 479 1675 quorum
493 1612 610 1666 alter,
623 1625 771 1676 praeter
784 1613 966 1658 Homeri
981 1613 1151 1662 vultum
1165 1632 1210 1661 ac
1226 1630 1389 1662 nomen
1412 1613 1695 1661 OMHPOC
1718 1640 1733 1664 ‚
1767 1607 2012 1657 vickoriam

175 1696 231 1726 cx
248 1679 430 1728 aduerso
449 1681 714 1746 repraesentat
726 1699 825 1728 cum
841 1684 996 1737 Laurea,
1009 1685 1206 1748 &palma
1220 1714 1234 1738 2
1258 1701 1305 1730 ac
1318 1685 1448 1731 literis
1463 1680 2013 1737 AMACTPIANQN3.

178 1755 287 1803 alter
319 1754 447 1821 ipfius
462 1754 593 1804 Vrbis
605 1756 855 1803 Amastrafis
882 1755 1064 1805 sedentis
1089 1757 1360 1806 simulacrum
1378 1761 1662 1811 Victoriolam
1687 1757 1869 1807 tenentis
1897 1756 2015 1803 exhi-

174 1823 254 1872 bet
271 1840 371 1870 cum
387 1823 536 1868 eadem
549 1825 985 1883 epigraphe-Quartus
1003 1836 1207 1866 nummus
1220 1828 1319 1866 hinc
1336 1820 1601 1885 Vrbisipfius
1618 1824 1780 1882 turrite,
1798 1820 1898 1877 inde
1919 1827 2015 1871 Ho-

177 1892 294 1941 meri
310 1903 438 1956 caput
461 1886 747 1954 representat.
783 1890 971 1950 Quintus
989 1885 1067 1934 sub
1095 1891 1249 1937 Marco
1263 1890 1444 1937 Aurelio
1459 1893 1503 1937 in
1519 1892 1657 1937 antica
1703 1892 1902 1955 exprimit
1933 1893 2014 1940 hu·-

175 1964 246 2011 ius
270 1960 546 2025 Imperatoris
572 1970 727 2021 caput,
754 1958 800 2002 in
835 1955 993 2021 postica
1019 1960 1204 2005 Homeri
1240 1957 1474 2006 diademssti
1513 1961 1684 2007 vultum
1727 1976 1828 2006 cum
1885 1961 2014 2010 titulo

176 2031 464 2080 OMHPOC
499 2027 1006 2078 AMACTPIANQN
1022 2068 1035 2079 ,
1054 2031 1202 2093 Atque
1220 2026 1373 2075 eodem
1389 2028 1527 2077 studio
1542 2031 1630 2075 aliae
1650 2028 1789 2077 Vrbes
1822 2026 1900 2076 sub
1916 2034 2011 2078 Au-

178 2105 310 2174 gustis
323 2109 523 2155 Homero
538 2118 821 2151 monumenta
833 2104 1011 2169 posuere
1024 2137 1036 2149 .
1049 2105 1260 2155 Restanvt
1274 2107 1351 2151 tria
1369 2105 1808 2169 Epigrammata,quae
1824 2107 2015 2156 Homeri

168 2179 346 2226 Hermae
359 2175 405 2222 in
424 2174 508 2222 suis
523 2175 672 2221 Hortis
690 2173 848 2239 scripsit
864 2175 1088 2228 Aelianus,
1104 2173 1334 2223 referamus
1349 2190 1541 2241 quorum
1563 2174 1758 2240 primum
1785 2173 1924 2240 legere
1951 2178 2010 2228 est

171 2248 221 2295 in
231 2243 505 2312 Anthologia
515 2260 568 2291 ex
583 2244 818 2310 Antipatro
831 2244 876 2291 in
892 2243 1108 2310 aliquibus
1123 2245 1287 2293 varians
1301 2277 1315 2290 .

934 2375 1240 2427 ΟΜΗΡΟΣ

173 2457 441 2508 ΗΡΩΩΝ
481 2453 708 2506 ΚΑΡΥΚ
752 2455 1022 2507 ΑΡΕΤΑΣ
1072 2456 1422 2507 ΜΑΚΑΡΩΝΙ
1465 2450 1554 2505 ΤΕ
1603 2454 2004 2509 ΠΡΟΦῘ-ῘΤΑΝ

254 2536 605 2587 ΕΛΛΑΝΩΝ
645 2538 897 2587 ΔΟΞΗΣ
935 2534 1298 2587 ΔΕΥΤΕΡΟΝ
1335 2535 1604 2586 ΑΙΞΛΙΟΝ

176 2616 492 2668 ΜΟΥΣΩΝ
505 2617 631 2666 ΦΕΓ
634 2618 671 2664 Γ
674 2619 768 2666 ΟΣ
790 2616 1097 2669 OMHPON
1114 2616 1506 2669 AKHPATON
1518 2613 1773 2666 ΣΤΟΜΑ
1792 2615 2092 2670 ΚΟΣΜΟΥ

254 2697 555 2747 ΠΑΝΤΟΣ
573 2697 763 2746 ΟΡΑΣ
779 2698 1075 2748 ΤΟΥΤΟΝ
1093 2697 1468 2748 ΔΑΙΔΑΛΟΝ
1484 2695 1913 2749 ΑΡΧΕΤΥΠΟΝ

315 2772 516 2820 Heroum
541 2785 769 2838 praeconem
798 2774 1011 2830 virtutis,
1037 2774 1337 2840 beatorumque
1364 2784 1543 2830 vatem,

457 2844 698 2889 Graecorum
728 2842 1260 2911 gloriaesecundumsolem
1276 2876 1291 2899 ,

315 2909 555 2976 Mufizrum
586 2911 732 2961 lumen
765 2914 1006 2963 Homerum
1025 2946 1039 2971 ,
1063 2915 1306 2962 immortale
1337 2929 1382 2961 os
1412 2912 1573 2962 mundi

454 2980 613 3028 Totius
632 3013 647 3037 ‚
676 2983 807 3030 cernis
826 2982 930 3031 hanc
957 2983 1223 3049 artificiosam
1251 2982 1418 3050 effgt'em
1435 3015 1447 3027 .

181 3056 329 3108 ΟΥΚ
343 3055 528 3105 ΕΘΟΣ
546 3056 756 3110 ΕΣΤΙΝ
767 3057 937 3108 EMOI
959 3059 1254 3110 ΦΡΑΖΕΙΝ
1267 3061 1303 3108 Γ
1305 3057 1491 3109 ΕΝΟΣ
1513 3057 1662 3111 ΟΥΔ
1674 3054 1888 3112 ONOM
1901 3053 2095 3112 AYTO

252 3138 400 3191 ΝΥΝ
420 3140 468 3189 Δ
490 3138 707 3189 ΕΝΕΚΑ
722 3137 1067 3192 ΑΙΛΙΑΝΟΥ
1085 3140 1329 3193 ΠΑΝΤΑ
1348 3137 1597 3193 ΣΑΦΩΣ
1618 3141 1788 3193 ΕΡΕΩ
1800 3214 1899 3268 1'1A
