2336 3700
425 413 502 453 10

323 503 452 552 minis
469 498 673 563 scriptor,
697 494 773 558 qui
788 489 882 558 post
906 486 1189 540 Theocritum
1206 489 1313 539 vixit
1329 522 1343 549 ‚
1369 506 1497 558 atque
1515 493 1730 539 Amorem
1757 491 1991 560 fugitiuum
2020 493 2159 559 pinxit

325 570 467 640 potius
493 567 628 634 quern
654 562 834 629 scripsit.

917 770 1595 836 OVIDIVS.

331 920 659 1055 PVBLIVS
699 982 953 1030 OVIDIVS
992 981 1169 1028 NASO
1218 981 1404 1046 Pelignae
1437 983 1574 1048 gloria
1612 981 1751 1045 gentis
1777 1011 1792 1036 ,
1838 980 2168 1030 iucundiffimus
2206 955 2209 958 -

336 1065 554 1105 Veneruin
571 1085 584 1108 a
604 1057 911 1115 Amorumque
924 1048 1038 1096 lusor
1054 1049 1283 1114 ‚idemque
1301 1051 1399 1098 saeui
1415 1052 1526 1111 exilij
1543 1051 1607 1098 sui
1621 1049 1756 1097 dulcis
1774 1050 2047 1106 modulator3
2070 1050 2169 1098 tum

334 1125 503 1176 blandis
521 1156 534 1178 ‚
560 1123 658 1169 cun}
674 1121 858 1169 tristibus
888 1117 1030 1165 modis
1047 1149 1061 1172 ,
1087 1118 1171 1166 fiue
1200 1120 1252 1166 ad
1269 1122 1408 1186 ripam
1437 1118 1646 1188 Tybridis
1663 1149 1678 1174 ,
1693 1118 1777 1166 siue
1793 1119 1845 1166 ad
1877 1121 2084 1167 Geticum
2099 1119 2169 1166 lit-

335 1212 402 1244 tus
420 1227 434 1250 ,
461 1194 627 1258 semper
661 1194 705 1238 in
735 1188 882 1238 medio
912 1189 1126 1234 Helicone
1151 1189 1267 1237 suani
1297 1190 1499 1238 resonans
1528 1190 1670 1238 melo:
1702 1188 1786 1236 hoc
1810 1205 1899 1238 vno
1923 1203 2090 1239 tantum
2105 1189 2171 1236 in-

340 1267 441 1314 felix
456 1296 470 1319 ,
487 1261 606 1328 quod
624 1261 700 1308 suo
722 1260 845 1326 perijt
860 1258 1037 1321 ingenio
1057 1290 1067 1300 .

410 1338 574 1380 Aereus
602 1347 811 1378 nummus
842 1326 994 1386 Ouidij
1033 1326 1133 1375 hinc
1166 1331 1254 1376 eius
1273 1343 1399 1396 caput
1415 1329 1586 1377 exhibet
1601 1346 1701 1376 curn
1733 1328 1962 1395 epigraphe
1997 1325 2173 1375 OYH14

347 1408 518 1460 ΔΙΟΣ
545 1405 795 1455 ΝΑΣΟΝ
832 1396 1024 1446 Ouidius
1039 1396 1096 1443 N
1100 1399 1166 1464 ast)
1185 1418 1197 1457 3
1223 1400 1322 1447 inde
1339 1399 1560 1448 cuiusdam
1579 1399 1813 1448 Menandri
1829 1396 2031 1458 Parrhafij
2049 1408 2176 1461 caput

344 1482 612 1549 repraesentat
635 1483 779 1528 MEN
831 1511 842 1522 ·
880 1513 890 1524 .
927 1513 938 1524 .
974 1476 1175 1528 ΑΣΙΟΥ
1191 1477 1669 1545 Menandr'tParrhasq',
1687 1479 1762 1543 qui
1780 1477 1877 1524 huic
1893 1474 2178 1540 praestantiffi-

343 1572 420 1602 mo
452 1554 550 1600 Vati
575 1550 759 1597 deuotus
787 1550 868 1596 tale
886 1564 1225 1599 monumentum
1248 1547 1841 1616 posteritaticommendauit.
1866 1548 1938 1592 De
1952 1545 2035 1591 hoc
2063 1546 2180 1592 Oui-

343 1623 477 1671 diano
506 1638 691 1668 nummo
719 1620 774 1668 fic
804 1619 1304 1687 Clariss-Sphanhemius
1334 1623 1378 1667 in
1410 1619 1493 1666 suis
1525 1616 1931 1666 Difl'ertationibus:
1966 1616 2034 1661 Vt
2070 1613 2181 1661 leuis

348 1691 520 1754 terrastt
531 1691 628 1737 hnic
655 1688 871 1753 Parrhasio
889 1719 902 1744 ‚
927 1690 1159 1756 qnisucros
1173 1689 1332 1738 vultus
1355 1690 1415 1737 M
1418 1688 1620 1754 ufhmm,
1653 1688 1698 1734 V
1698 1699 1952 1750 ene-rumque
1976 1683 2179 1730 omnium

347 1760 582 1810 Sacerdotis
612 1758 854 1807 intercidere
879 1776 965 1806 non
990 1759 1044 1824 est
1062 1757 1201 1826 paffits
1229 1790 1243 1814 ,
1274 1775 1376 1823 quos
1404 1757 1512 1805 bona
1539 1775 1638 1804 cum
1664 1753 1846 1819 Augusti
1877 1752 2009 1802 venia
2038 1765 2179 1799 omnes

350 1830 492 1892 Musis
507 1834 751 1888 Gratqsque
765 1820 936 1868 initian·
945 1829 992 1868 im
1005 1828 1310 1886 fficrarz‘jsfiais
1323 1826 1550 1876 recondant
1565 1860 1576 1872 .
1604 1831 1676 1876 De
1693 1825 1844 1882 Ouidij
1870 1823 2062 1886 imagine
2075 1838 2177 1868 cum

349 1897 576 1948 hederacea
589 1909 751 1939 corona
764 1890 817 1936 sic
833 1890 920 1954 ipse
937 1906 1205 1955 conquerens
1218 1893 1263 1936 in
1290 1888 1526 1937 Tristibus:

490 1964 541 2012 Si
561 1962 658 2027 quis
670 1960 792 2008 habet
813 1958 960 2022 nostris
958 1960 1124 2022 similes
1148 1960 1193 2006 in
1207 1960 1391 2021 imagine
1416 1957 1602 2016 vultu53

500 2036 633 2081 Deme
645 2032 746 2079 meis
757 2028 923 2077 hederas
949 2029 1163 2076 ‘Bacchica
1178 2029 1298 2095 serta
1311 2030 1464 2075 comis.

358 2111 431 2155 De
461 2105 543 2152 alia
574 2100 764 2149 eiusdem
788 2098 940 2159 Ouidij
968 2098 1104 2165 effigie
1122 2101 1167 2145 in
1197 2100 1390 2146 Gemma
1405 2099 1566 2146 anulari
1582 2099 1770 2166 sculpta,
1796 2118 1989 2167 auroque
2023 2100 2186 2150 inclusa

355 2176 546 2242 sequitur
563 2175 697 2220 Po'e‘ta
724 2173 767 2218 in
785 2169 877 2215 ead.
894 2169 1042 2234 Elegia
1059 2202 1071 2214 .

501 2240 774 2309 Effigiemque
787 2256 925 2287 meam
939 2239 1081 2306 fiftluo
1105 2239 1351 2305 complexus
1373 2238 1419 2286 in
1432 2255 1538 2286 auro
1553 2271 1566 2294 ‚

576 2314 689 2359 Cara
704 2310 899 2372 relegati,
930 2326 1015 2373 φας
1023 2321 1141 2375 potes
1154 2340 1167 2363 ,
1195 2327 1268 2355 ora
1285 2308 1406 2356 vides
1423 2341 1434 2352 .

359 2383 573 2434 Nicolaus
609 2379 808 2429 Heinfius
836 2380 1044 2426 eximium
1072 2378 1196 2425 huius
1226 2378 1363 2425 saeculi
1387 2377 1514 2425 decus
1553 2382 1598 2426 in
1625 2381 1857 2429 nouiffima
1906 2379 2097 2429 Nasonis
2125 2379 2189 2428 sui

361 2455 551 2502 editione
563 2454 728 2517 primus
745 2467 794 2496 ex
820 2449 902 2496 hoc
926 2466 1111 2495 nummo
1124 2447 1276 2509 Ouidij
1306 2449 1475 2495 vultum
1494 2451 1693 2515 expreffit
1709 2482 1722 2505 ,
1751 2452 1953 2517 typisque
1979 2450 2111 2497 edidit
2135 2467 2186 2498 ex

363 2523 571 2572 ditiffima
597 2534 792 2567 veterum
819 2519 1152 2566 Numismatum
1194 2519 1316 2566 Gaza
1340 2518 1536 2582 congesta
1559 2519 1581 2566 ’ἀ
1612 2522 1764 2568 Felicia
1796 2520 2057 2568 Kondanina
2103 2520 2187 2585 pri-

365 2594 432 2654 sccg
459 2590 696 2638 nobilitatis
722 2620 737 2643 ,
765 2606 812 2634 ac
837 2588 1062 2653 probitatis
1087 2591 1293 2636 Romana
1320 2589 1550 2643 Matrona,
1579 2594 1756 2655 parique
1786 2589 2037 2636 eruditionis
2070 2588 2189 2636 fam&

367 2661 541 2709 illustri.
558 2659 773 2721 Qamuis
788 2671 932 2704 autem
946 2658 991 2703 in
1003 2658 1083 2704 hac
1099 2658 1287 2723 imagine
1299 2656 1529 2710 laurea,seu
1544 2662 1656 2705 tenia
1674 2660 1839 2706 incertis
1859 2662 1971 2705 notis
1990 2656 2190 2724 appareat

366 2730 566 2780 vetustate
580 2728 830 2791 consumpta
844 2745 856 2781 3
869 2727 1097 2774 laureatam
1113 2741 1257 2775 tamen
1270 2724 1511 2775 effinximus
1526 2759 1539 2781 ,
1570 2730 1742 2794 qualem
1759 2747 1808 2775 ex
1835 2728 1991 2776 eodeni
2007 2743 2191 2775 nummo

367 2799 453 2865 ipsc
469 2797 667 2847 Heinsius
680 2796 761 2843 suae
780 2797 958 2844 editioni
976 2797 1228 2863 praepoiuit.

1949 3238 2117 3286 PER-
