2336 3700
1793 341 1868 396 17

642 554 1449 622 SOCRATES.

131 706 243 840 E
261 779 308 822 N
341 777 642 823 SOCRATIS
672 775 944 822 Atheniensis
958 777 1104 839 imago
1119 805 1132 828 ,
1168 790 1298 838 quem
1335 774 1356 818 ὲ
1387 773 1502 820 coelo
1529 773 1848 838 Philosophiam
1879 776 1952 824 dc-

132 845 294 893 uocaii'e
308 846 503 910 praedicat
520 848 674 892 Cicero
689 879 698 889 .
737 848 906 892 Primus
926 845 1105 891 Ethicen
1123 844 1311 895 inuenit,
1347 840 1562 889 affirmans
1581 845 1743 890 nullum
1764 845 1948 894 fructum

131 915 290 981 percipi
321 931 371 960 ex
403 915 579 962 naturali
612 914 926 979 speculatione3
952 931 1134 979 eamque
1150 912 1388 958 doctrinam
1408 913 1549 975 potius
1565 916 1792 960 conuenire
1812 945 1825 968 ,
1856 932 1949 978 qua:

130 983 298 1030 instruit
322 999 450 1048 atque
481 984 642 1048 expolit
673 986 867 1031 animum
887 1016 899 1037 ,
942 984 1073 1047 quzim
1103 998 1196 1046 quae
1231 979 1284 1026 ad
1316 983 1485 1028 inanem
1514 981 1768 1046 sapientiam
1801 982 1956 1047 perdu-

133 1055 212 1100 cit:
242 1060 285 1100 &
300 1053 404 1100 hinc
417 1055 572 1100 meruit
584 1053 751 1118 Pythia:
766 1054 1014 1100 encomium
1032 1070 1044 1098 ε
1061 1055 1119 1101 M
1122 1051 1331 1098 ortalium
1351 1064 1464 1098 vnus
1490 1054 1676 1098 Socrates
1695 1049 1919 1117 verestzpit
1936 1086 1946 1097 .

127 1122 224 1187 Ipse
237 1135 380 1168 tamen
396 1124 495 1183 Dijs
519 1126 655 1187 magis
672 1154 686 1176 ,
704 1124 837 1187 quam
855 1121 1104 1169 hominibus
1126 1120 1270 1167 fimilis
1287 1149 1301 1173 ,
1331 1121 1563 1184 impietatis
1609 1120 1823 1168 accusatus
1840 1122 1955 1168 cicu-

129 1206 222 1238 tam
246 1190 355 1236 bibit
371 1223 384 1244 ,
407 1200 450 1239 &
476 1192 684 1239 exceffite
703 1194 788 1240 vita
819 1226 829 1237 .
866 1191 968 1238 Sero
1000 1191 1173 1238 tandem
1204 1188 1488 1235 Athenienses
1521 1192 1776 1254 poenitentia
1811 1190 1925 1236 duem·
1941 1223 1954 1246 ‚

127 1259 303 1324 eiusque
329 1261 531 1308 virtutem
562 1259 843 1315 admirantes,
872 1263 1051 1307 Socratis
1069 1260 1326 1306 memoriam
1356 1258 1556 1323 lacrymis
1582 1259 1792 1324 prosecuti
1821 1259 1917 1306 sunt
1941 1292 1956 1316 ,

130 1346 361 1393 {reamque
376 1329 592 1377 statuam&
611 1331 802 1396 Lysippo
814 1331 968 1377 saetam
987 1361 1000 1383 ,
1033 1331 1078 1375 in
1099 1327 1226 1376 Vrbis
1245 1326 1524 1373 celeberrimo
1559 1329 1657 1374 loco
1687 1329 1725 1373 ei
1758 1328 1933 1392 posuere
1946 1362 1957 1373 .

130 1400 304 1446 Faciem
320 1402 500 1446 Socratis
517 1402 560 1446 in
575 1400 797 1447 Thaeeteto
812 1399 1009 1446 describit
1022 1396 1278 1445 Theodorus
1297 1395 1404 1442 fimo
1417 1397 1586 1450 trasmae
1604 1398 1867 1461 prominenti
1878 1398 1955 1444 bus

130 1469 291 1515 oculis.
305 1470 399 1515 Fuit
413 1470 517 1515 item
535 1469 692 1522 caluuS,
705 1486 751 1515 ac
770 1471 914 1515 Sileno
932 1484 1138 1531 perquam
1157 1464 1316 1518 fimitis,
1335 1480 1380 1513 vt
1394 1467 1648 1512 Critobolus
1669 1468 1714 1512 in
1729 1469 1955 1513 Conuiuio

129 1537 272 1601 ipsum
286 1537 489 1585 illudebat
501 1537 613 1604 apud
630 1539 970 1603 Xenophontem
983 1570 994 1580 .
1012 1538 1158 1583 Virtus
1174 1532 1276 1582 vero
1290 1551 1379 1581 non
1396 1534 1485 1582 tam
1503 1537 1546 1582 in
1559 1551 1736 1600 corpore
1756 1536 1953 1599 pulchro,

131 1606 265 1671 quam
281 1609 326 1652 in
341 1607 537 1654 formoso
553 1609 701 1655 animo
714 1607 984 1655 domicilium
1002 1605 1153 1662 habet3
1168 1622 1214 1651 ac
1230 1603 1418 1651 firmiora
1435 1603 1546 1659 sunt,
1563 1622 1658 1669 quae
1678 1605 1809 1660 intus,
1823 1604 1956 1669 quam

128 1692 216 1740 que
231 1691 360 1730 extra,
372 1684 416 1724 Sc
430 1679 654 1742 propalam
667 1676 780 1724 bona
797 1677 850 1724 ab
864 1674 1116 1723 hominibus
1135 1673 1402 1739 possidentur
1414 1707 1424 1717 .
1439 1674 1597 1738 Qoad
1611 1689 1749 1720 annos
1767 1676 1863 1722 vitae
1878 1678 1957 1720 So-

130 1746 255 1792 cratis
272 1764 285 1801 3
317 1748 407 1793 Leo
423 1747 610 1793 Allatius
629 1749 673 1793 in
688 1748 881 1811 Dialogo
897 1777 911 1800 ,
929 1762 1059 1810 quem
1077 1743 1209 1791 edidit
1223 1742 1276 1789 de
1289 1743 1460 1808 Scriptis
1473 1746 1653 1790 Socratis
1670 1775 1685 1798 ,
1707 1742 1759 1789 ad
1785 1744 1957 1808 opinio-

127 1831 234 1863 nem
265 1814 425 1862 accedit
453 1816 627 1864 illorum
654 1847 668 1871 ‚
704 1819 780 1881 qui
808 1813 1123 1880 septuagefimae
1149 1813 1327 1877 septime
1340 1812 1620 1877 Olympiadis
1649 1827 1765 1858 anno
1804 1826 1957 1876 quarto

128 1897 280 1930 natum
295 1884 490 1939 tradunt,
504 1899 607 1932 tunc
623 1887 739 1933 enim
753 1894 796 1933 &
811 1884 888 1932 sub
901 1882 1086 1930 Lachete
1112 1887 1301 1930 Arconte
1321 1881 1506 1927 Athenis
1534 1881 1875 1946 septuagenarius
1899 1883 1957 1928 ci-

131 1967 275 2000 cutam
302 1952 413 2000 bibit
428 1987 439 1998 .
471 1956 577 2002 Tres
595 1955 718 2002 huius
740 1953 992 2017 Philosophi
1018 1967 1284 1999 marmoreos
1305 1954 1488 1997 Hermas
1507 1950 1677 1998 exhibet
1696 1952 1781 1998 haec
1797 1950 1957 2007 tabula,

127 2040 319 2087 quorum
335 2024 498 2089 primus
523 2024 770 2090 desumptus
802 2023 860 2070 est
875 2040 924 2068 cx
948 2022 1179 2088 archetypo
1206 2019 1456 2067 Farnssiano
1497 2052 1508 2063 .

648 2235 1449 2309 SOCRATEs

129 2368 280 2506 N
303 2443 401 2490 ΟΝ
415 2439 544 2489 video
561 2461 634 2491 cur
652 2444 811 2490 Socrati
829 2442 935 2489 hanc
947 2441 1135 2491 tribuant
1150 2439 1385 2505 imaginem
1399 2468 1410 2480 .
1427 2432 1682 2483 Seminudus
1698 2432 1785 2499 ipse
1797 2433 1955 2498 absque

132 2512 279 2557 tunica
294 2510 417 2558 humi
429 2511 543 2559 sedet
558 2531 655 2560 cum
669 2512 860 2560 tribonio
875 2543 889 2566 ‚
906 2511 974 2559 seu
994 2511 1124 2576 pallio
1138 2509 1191 2555 ab
1204 2507 1414 2556 vmbilico
1430 2506 1483 2552 ad
1499 2505 1607 2552 talos
1617 2504 1794 2550 demisso
1809 2523 1821 2559 3
1838 2502 1957 2567 quod

132 2580 352 2642 gestamen
367 2580 465 2628 solis
483 2584 662 2648 Cynicis
675 2583 878 2630 conuenit
892 2612 906 2635 ,
921 2581 1080 2646 palliati
1097 2580 1214 2625 enim
1228 2591 1395 2625 tantum
1412 2606 1425 2630 ‚
1439 2588 1583 2622 caetera
1596 2573 1701 2621 nudi
1716 2573 1800 2620 sine
1816 2575 1958 2618 tunica

131 2647 623 2698 inducuntur-Socratem
639 2667 786 2700 tamen
799 2650 989 2698 tribonio
1003 2648 1201 2696 indutum
1212 2645 1354 2695 irridet
1365 2641 1712 2709 Amipfiassspud
1725 2642 1958 2696 La'e'rtium,

133 2717 624 2782 ipsumq3discalceatum
638 2741 685 2769 ac
701 2720 962 2785 nudipedem
977 2719 1136 2766 deludit
1151 2713 1566 2781 Aristophanes-Ipse
1583 2729 1686 2759 vero
1703 2709 1957 2774 adAgatho-

133 2802 238 2833 nem
251 2785 517 2851 proficiscens
531 2790 725 2839 Vtebatur
736 2792 917 2843 lauacro,
933 2788 1076 2836 sordes
1097 2786 1281 2851 pellebat
1293 2817 1306 2840 ,
1322 2799 1500 2847 compto
1520 2781 1666 2827 habitu
1684 2778 1956 2834 induebatur,

136 2864 180 2903 δε
193 2857 343 2903 calceis
355 2856 407 2903 de
419 2874 539 2904 more
551 2859 730 2926 sumptis
745 2860 786 2907 se
799 2859 1042 2924 expoliebat
1054 2857 1106 2903 ad
1123 2855 1452 2907 venustatem,vt
1463 2850 1636 2915 pulcher
1647 2848 1698 2896 ad
1713 2849 1956 2914 pulchrum.

139 2924 296 2973 Obstat
311 2928 440 2974 etiam
455 2928 662 2976 volumen
685 2929 804 2995 quod
818 2927 1103 2993 Philosophus
1122 2939 1301 2988 Vtraque
1318 2938 1447 2969 manu
1468 2933 1585 2967 tenet
1611 2918 1728 2982 quasl
1757 2917 1956 2965 Philoso-

138 2994 250 3057 phiae
276 2994 478 3060 dogmata
492 2996 694 3062 scripserit
708 3032 719 3043 .
756 3003 973 3046 Socratem
998 3012 1141 3043 autem
1165 2993 1271 3040 nihil
1286 2992 1413 3038 literis
1444 2985 1656 3037 mandaffe
1680 2988 1852 3053 plurimi
1872 3001 1955 3034 tra-

139 3062 308 3120 didere,
335 3081 381 3112 ac
396 3068 440 3112 in
453 3068 602 3131 primis
616 3070 771 3117 Cicero
789 3068 863 3115 lib.
885 3085 926 3128 3.
942 3066 995 3114 de
1023 3070 1232 3120 Oratore5
1263 3078 1453 3127 quorum
1480 3058 1695 3107 sententiae
1713 3061 1805 3106 Leo
1831 3057 1954 3103 Alla-

1110 3140 1146 3182 E
1801 3140 1884 3173 tius
