2336 3700
1008 399 1038 460 1
1125 399 1197 461 N

415 521 1783 646 IMAGINES

699 708 763 770 v
821 709 872 772 E
936 711 999 772 T
1062 711 1113 773 E
1174 712 1241 775 R
1303 712 1369 776 V
1431 716 1512 775 M

188 833 906 916 ILLVSTRIVM
979 835 2016 926 PHILOSOPHORVM

600 976 1602 1029 EXPOSITIONES.

676 1215 1483 1304 ,ANTISTHENES

323 1380 714 1430 NTISTHENES
751 1383 1023 1430 Athenienfis
1054 1387 1232 1452 Cynicae
1263 1389 1390 1434 Seeiae
1415 1386 1578 1451 primus
1607 1387 1816 1438 institutor
1846 1394 1890 1440 in
1920 1396 2017 1459 Gy-

184 1456 351 1505 mnafio
378 1441 638 1522 vaooa‘pyi
662 1452 886 1517 Cynqfizrgi
915 1452 1109 1502 differens
1125 1487 1139 1510 ,
1171 1457 1365 1522 Cynicus
1381 1487 1394 1508 ,
1424 1470 1550 1518 atque
1574 1453 1736 1514 Κύων,
1767 1460 1869 1508 idest
1886 1466 2019 1511 Canis

184 1529 271 1577 fuit
314 1531 546 1595 appellatus
579 1561 591 1572 .
649 1531 767 1575 Cum
795 1531 1012 1576 Socratem
1038 1529 1281 1585 audiuiffet,
1315 1530 1367 1577 ad
1385 1532 1482 1580 suos
1516 1533 1744 1602 discipulos
1767 1537 2020 1593 conuersus,

183 1600 346 1654 Abire,
373 1601 544 1664 inquit,
581 1597 826 1662 magistrum
845 1601 1046 1664 quaerste,
1079 1617 1160 1664 ego
1177 1602 1262 1646 iam
1280 1604 1442 1665 reperi3
1475 1603 1701 1671 statimque
1718 1608 1899 1655 venditis
1926 1623 2020 1671 quae

184 1668 400 1723 habebat,
422 1686 470 1716 ac
496 1667 664 1733 publice
682 1665 911 1715 distributis
927 1699 941 1722 ‚
967 1669 1074 1714 nihil
1091 1669 1168 1716 fibi
1198 1685 1347 1734 praeter
1364 1672 1590 1736 palliolum
1616 1675 1868 1724 reseruauit.
1901 1675 2021 1723 Ass‘e-

183 1739 304 1788 rebat
319 1737 447 1805 porro
464 1768 479 1790 ‚
495 1736 730 1803 sapientem
743 1734 818 1782 fibi
835 1737 910 1803 ipsi
927 1735 1114 1785 sufficere
1130 1768 1144 1792 ·,
1160 1738 1371 1804 ipfiusque
1388 1740 1465 1789 effe
1478 1760 1571 1807 quae
1589 1745 1772 1793 aliorum
1801 1746 1896 1793 sunt
1923 1762 2020 1792 om—

182 1812 256 1855 nia
275 1840 286 1851 .
333 1808 502 1854 Primus
529 1823 578 1852 ex
608 1804 882 1873 Philosophis
911 1806 1087 1854 barbam
1114 1806 1366 1873 promiffiffe
1404 1812 1610 1870 traditur,
1634 1816 1793 1862 erasam
1817 1815 1918 1863 vero
1943 1817 2021 1862 im,

183 1879 261 1927 hac
277 1877 463 1941 imagine
485 1874 773 1938 conspicimus
789 1906 802 1930 ‚
819 1875 965 1941 quod,
979 1891 1026 1924 vt
1043 1881 1224 1924 Ioannes
1241 1878 1375 1926 Faber
1394 1880 1576 1930 aduertit
1591 1914 1605 1937 ,
1632 1884 1790 1947 sculpta
1815 1885 1863 1932 fit
1887 1884 2023 1948 prius-

184 1963 319 2013 quam
337 1947 446 1992 alere
469 1943 637 2009 cepisset
662 1976 672 1987 ·
716 1946 928 1992 Macilens
955 1959 1179 2009 praeterea,
1224 1961 1352 2010 atque
1387 1963 1635 1997 extenuatus
1669 1966 1867 2016 apparet,
1900 1952 2019 2017 quocl

180 2014 346 2065 Phthisi
372 2013 582 2061 laboraret
608 2045 618 2056 .
666 2015 817 2077 Imago
834 2013 920 2078 ipsa
945 2013 1168 2077 desumpta
1187 2014 1244 2062 est
1258 2032 1308 2061 ex
1321 2016 1496 2081 antiqua
1523 2020 1681 2067 anulari
1698 2039 1871 2086 gemma
1883 2025 2020 2069 Ame-

185 2084 327 2150 thysto
355 2114 370 2138 ,
412 2084 521 2130 olim
551 2080 662 2147 apud
690 2084 870 2130 Laelium
906 2081 1214 2146 Pasqualinum
1256 2084 1473 2132 Nobilem
1505 2091 1816 2153 Antiquarium
1851 2094 2018 2139 Roma-

185 2171 315 2210 num,
348 2155 418 2200 cui
447 2151 630 2200 fimilem
645 2151 772 2198 aliam
787 2153 960 2200 Fuluius
988 2152 1164 2200 Vrsinus
1196 2151 1444 2202 adseruabat
1468 2157 1514 2203 in
1543 2157 1615 2204 sua
1632 2160 1979 2210 Dastiliotehcas
2003 2192 2014 2204 ·

447 2346 1153 2414 APOLLONIVS
1200 2349 1508 2413 TYAN
1535 2352 1754 2419 EVS⁴

326 2515 678 2565 POLLONIVS
718 2517 1007 2563 TYANEVS
1044 2515 1340 2582 Pythagorica:
1376 2516 1608 2585 disciplinae
1635 2519 1810 2570 seetator
1844 2555 1857 2576 ‚
1909 2526 2018 2573 inter

177 2590 364 2637 celebres
393 2584 682 2650 philosophos
714 2600 978 2633 memoratur
1003 2615 1017 2637 -,
1061 2585 1132 2632 sed
1165 2588 1398 2641 miracula,
1429 2606 1476 2635 ac
1518 2589 1788 2640 diuinitatem
1834 2598 2014 2642 ementi=

186 2675 255 2706 tus
271 2652 450 2703 venefici
475 2657 618 2720 potius
635 2686 648 2710 ,
671 2673 717 2703 ac
734 2655 1050 2721 Praestigiatoris
1066 2686 1079 2708 ,
1108 2657 1241 2720 quam
1257 2659 1345 2704 veri
1363 2656 1617 2722 Philosophi
1639 2676 1800 2708 nomen
1832 2666 2015 2711 meruit.

190 2729 342 2775 Vitam
372 2756 386 2779 ,
428 2741 475 2770 ac
506 2725 708 2791 praestigia
740 2729 838 2772 οέὶο
863 2726 979 2771 libris
1012 2724 1286 2773 Philostratus
1310 2726 1619 2791 elegantissime
1653 2731 1902 2793 complexus
1930 2733 2016 2789 est3

185 2799 274 2844 eius
298 2794 399 2844 vero
430 2793 649 2841 sectatores
677 2792 930 2841 insanientes
960 2791 1101 2858 ipsum
1115 2794 1283 2842 Christo
1296 2795 1386 2842 Iesu
1409 2812 1654 2861 con‘iparare
1666 2798 1750 2845 aufi
1779 2798 1899 2855 sunt,
1944 2802 2014 2850 sed

186 2864 294 2912 adeo
324 2862 414 2911 falfi
448 2862 655 2924 mendacii
684 2864 1161 2911 aucloremHieroclem
1190 2863 1343 2912 refellit
1366 2864 1570 2911 Eusebius
1600 2865 1710 2913 libro
1724 2866 1777 2915 ad
1792 2869 1874 2916 hoc
1888 2870 2015 2936 scrip-

188 2950 260 2982 το.
295 2937 448 2998 Imago
477 2931 698 2998 desumpta
717 2934 774 2981 est
796 2951 847 2980 ex
877 2950 985 2980 aereo
1012 2950 1195 2980 nummo
1217 2936 1437 2989 maximo,
1478 2948 1524 2981 vt
1554 2933 1707 2983 dicitur
1738 2939 2016 2997 Contornam,

191 3003 331 3063 Fuluij
359 3001 527 3056 Vrsmi,
555 3004 622 3049 cui
656 3002 800 3050 similis
825 3016 937 3050 extat
966 3004 1011 3048 in
1027 3002 1222 3050 thesauro
1237 3002 1460 3050 christinae
1475 3005 1654 3069 Reginae
1672 3038 1683 3049 .
1710 3007 1936 3071 Apollonij
1967 3011 2016 3058 si-

187 3073 433 3122 mulacrum
448 3074 618 3138 Ρεᾶοῐε
633 3087 755 3122 tenus
774 3103 788 3129 ,
817 3089 867 3119 ex
883 3089 1096 3120 marmore
1112 3103 1125 3123 a
1152 3088 1328 3120 manum
1359 3072 1380 3120 ὲ
1405 3074 1537 3139 pallio
1561 3078 1765 3123 exerentis
1778 3095 1826 3124 ex
1857 3079 2015 3127 Museo

1092 3146 1135 3187 A
1827 3148 1941 3198 Leo-
