2336 3700
1829 356 1854 417 3

138 440 378 488 mechanica
407 438 625 486 Columba
641 437 778 500 lignea
796 451 1078 492 memoratur,
1107 454 1201 502 quae
1218 435 1314 485 aura
1340 437 1504 502 spiritus
1535 440 1690 486 inclusa
1709 473 1722 494 ,
1751 445 1943 507 praepeti-

138 509 216 556 bus
247 509 566 574 pennis-celum
591 504 846 552 contendere
870 507 1068 552 auderet.
1105 506 1349 570 Naufragio
1375 508 1527 571 peiijt,
1557 506 1782 574 ipsumque
1807 516 1944 558 extin-

134 582 251 625 &um
277 577 439 624 inducit
459 578 662 625 Horatius
691 577 736 620 in
761 578 955 639 praeclara
985 572 1055 620 {1151
1083 575 1210 629 Odi,
1242 577 1283 621 in
1302 592 1386 639 qua
1409 576 1614 621 omnibus
1643 580 1945 630 morien-dum,

133 645 213 694 effe
234 648 437 712 proponit
455 678 465 690 .
501 650 753 699 Nummus,
780 662 829 690 ex
854 663 943 709 quo
969 645 1055 690 hsec
1073 646 1217 709 imago
1235 645 1435 710 Archytae
1449 644 1702 710 deprompta
1720 648 1776 694 est
1791 679 1804 702 ,
1822 650 1944 696 cusus

132 716 215 763 fuit
243 721 264 761 εὶ
293 716 374 762 suis
407 716 648 762 Tarentinis
678 716 851 778 Magnae
889 715 1065 761 Graeciae
1107 712 1158 760 ad
1196 712 1534 760 recordationem
1574 731 1803 778 perennem
1837 718 1944 764 adef)

132 784 306 830 celebris
323 783 599 848 Philosophi,
625 797 672 829 vt
686 782 846 829 constat
862 799 912 829 ex
939 783 1168 848 epigraphe
1186 784 1269 828 TA
1280 785 1402 828 PAC
1424 780 1590 828 adiecto
1610 784 1721 847 pisce
1738 815 1751 838 ,
1770 788 1944 834 Tarenti

132 856 247 900 timae
265 852 391 901 Vrbis
407 853 558 918 insigni
588 884 599 895 .
635 854 819 899 Nomen
847 853 950 899 vero
976 853 1101 918 ipsius
1129 851 1378 915 Philosophi
1403 851 1555 914 legitur
1579 854 1621 897 in
1654 852 1756 899 notai
1794 855 1845 901 ad
1859 857 1945 902 col-

128 922 223 970 lum
253 922 379 970 incisa
398 954 411 978 ,
440 939 533 988 qua:
551 922 706 970 litteras
725 933 909 986 quatuor
936 921 1261 988 comprehendit
1279 923 1428 968 ARKI
1446 921 1641 968 Architas
1661 954 1673 966 .

566 1111 1514 1177 ARISTIPPVS.

126 1197 568 1336 ARISTIPPVS
617 1294 769 1343 genere
795 1281 1061 1345 Cyrenaicus
1083 1279 1276 1326 Socratis.
1299 1276 1380 1324 fuit
1406 1277 1600 1332 auditor,
1635 1277 1707 1324 sed
1730 1284 1830 1323 cum
1851 1274 1947 1323 ess'et

127 1346 360 1412 voluptatis
375 1347 571 1402 alsertor,
600 1349 654 1395 ita
682 1346 863 1394 libenter
891 1348 1162 1413 praesentibus
1177 1346 1422 1401 sinebatur,
1453 1359 1501 1394 vt
1527 1346 1580 1392 de
1593 1346 1838 1394 absentibus
1856 1361 1947 1392 non

127 1413 365 1471 laboraret,
390 1416 605 1464 affirmans
619 1419 765 1465 cuncta
791 1417 1022 1465 animantia
1057 1417 1194 1481 ipsam
1222 1416 1489 1481 voluptatem
1520 1430 1745 1481 appetere,
1781 1431 1945 1480 atqued

126 1486 151 1529 a
174 1483 398 1534 doloribus
424 1487 648 1533 abhorrere
665 1519 676 1531 .
723 1488 924 1534 Horatius
941 1486 983 1533 se
1012 1486 1150 1552 ipsum
1168 1517 1183 1541 ,
1207 1483 1389 1549 illosque
1405 1484 1598 1531 incusans
1619 1517 1633 1540 ,
1665 1487 1742 1549 qui
1775 1486 1945 1549 palam..

125 1555 328 1603 virtutem
347 1555 625 1620 profitentur,
650 1555 761 1602 clam
775 1557 875 1603 vero
899 1558 1064 1612 otium,
1080 1574 1128 1602 ac
1153 1555 1420 1619 voluptatem
1432 1553 1667 1611 festantur,
1685 1556 1773 1602 haec
1790 1554 1946 1602 habet.

265 1625 322 1673 N
328 1642 412 1672 unc
439 1625 559 1688 agilis
572 1624 635 1686 fio
657 1655 671 1679 ,
703 1638 769 1680 ξφ
795 1626 946 1691 metfin·
977 1624 1178 1672 ciuilibus
1205 1623 1338 1672 vndis
1354 1654 1369 1680 ,

265 1695 460 1742 Virtutis
478 1711 587 1743 verae
609 1692 770 1762 custos,
801 1693 1045 1760 rigidusque
1057 1694 1231 1760 satelles
1248 1726 1260 1737 .

266 1764 324 1811 N
327 1782 412 1812 unc
433 1765 479 1812 in
498 1760 861 1830 Aristippifhcilis
887 1776 1092 1832 praecepta
1126 1761 1315 1811 relabotd

124 1834 331 1880 Diuitum
361 1864 375 1888 ,
402 1852 449 1881 ac
474 1834 681 1898 praecipue
714 1833 918 1900 Dionysii
946 1836 1089 1882 aulam
1114 1832 1414 1899 frequentabat
1443 1850 1458 1890 3
1494 1848 1624 1897 quare
1653 1830 1677 1879 ὲ
1705 1831 1947 1897 Diogene..

124 1905 288 1968 Regius
315 1905 447 1950 Canis
477 1901 535 1949 est
564 1901 796 1966 appellatus
825 1935 837 1946 .
884 1903 1104 1950 Delicatus
1130 1900 1366 1967 praeterea,
1393 1911 1437 1950 &
1464 1915 1664 1966 comptus
1691 1899 1946 1957 incedebat,

123 1974 250 2037 eique
263 1976 363 2025 vni,
388 1989 436 2018 ac
451 1971 532 2018 soli
558 1984 725 2017 tantum
753 1989 804 2018 ex
834 1971 1107 2036 Philosophis
1133 1972 1339 2018 omnibus
1371 1970 1649 2036 chlamydem
1680 1971 1945 2018 conuenire-

123 2041 324 2089 afferebat
335 2041 462 2088 Plato
491 2071 503 2084 .
540 2039 695 2088 Talem
719 2037 819 2088 sane
844 2040 1197 2106 chlamydatum,
1223 2042 1343 2104 pexis
1373 2039 1541 2094 barbae,
1573 2046 1769 2087 &comae
1784 2039 1946 2085 cincin-

122 2112 189 2158 nis
200 2141 215 2166 ,
230 2111 376 2158 aulicis
392 2109 515 2158 delici
519 2109 554 2170 js
571 2140 584 2163 ,
610 2117 653 2156 &
669 2109 787 2157 cultu
802 2113 1009 2159 nitentem
1022 2109 1162 2175 ipsum
1178 2108 1443 2173 repraesentat
1455 2108 1543 2156 haec
1562 2110 1727 2173 imago,
1741 2124 1835 2172 quae
1851 2125 1944 2155 core

123 2182 252 2247 nio-lp
267 2179 397 2228 ineisa
410 2210 425 2237 ,
439 2180 546 2228 olim
562 2181 606 2226 in
633 2178 769 2239 Fuluii
787 2180 927 2229 Vrsini
943 2179 1273 2246 Dactyliotheca
1289 2178 1501 2227 visebatur
1519 2209 1530 2221 .

567 2361 1523 2431 ARISTOMACHVS.

124 2452 715 2590 ARISTOMACHVS
753 2528 973 2579 Solensisss
1035 2532 1164 2577 Hunc
1192 2530 1506 2598 Philosophum
1520 2530 1609 2580 duo
1624 2531 1677 2580 de
1693 2532 1943 2602 sexagintas

127 2611 266 2647 annos
304 2602 351 2648 in
378 2602 675 2666 cognoscenda
718 2605 869 2668 Apum
910 2613 1058 2648 natura
1093 2599 1344 2667 impendiffe
1384 2605 1531 2650 auotor
1557 2601 1614 2650 est
1640 2604 1805 2652 Plinius
1846 2604 1944 2651 scri-

127 2666 266 2716 bens:
302 2670 358 2717 N
363 2669 384 2716 ὲ
395 2671 490 2736 quis
503 2672 682 2724 miretur
695 2687 835 2718 amore
848 2687 994 2717 earum
1010 2681 1149 2735 captos
1171 2668 1507 2734 Aristomachum
1536 2672 1739 2738 Solenstm
1753 2673 1842 2721 duo
1858 2672 1942 2721 de..

109 2736 344 2803 sexaginta
374 2741 498 2788 annis
528 2740 638 2788 nihil
663 2739 793 2788 aliud
820 2738 955 2807 egiffi3
1006 2739 1237 2807 Philiscum
1267 2742 1369 2789 verb
1388 2740 1594 2806 Thafium
1620 2746 1725 2806 Apes
1743 2742 1943 2805 colentem

125 2809 331 2868 Aegrium
364 2811 732 2872 cognominatum,
763 2812 841 2876 qui
866 2807 989 2856 ambo
998 2808 1197 2876 scripsere
1228 2808 1278 2858 de
1292 2809 1383 2857 his.
1419 2810 1741 2858 Aristomachus
1757 2813 1944 2859 alueario

129 2876 315 2924 affidens
344 2878 397 2926 ad
422 2879 547 2927 instar
574 2880 903 2946 contemplantis
933 2878 1123 2945 depistus
1153 2879 1213 2927 est
1241 2881 1286 2927 in
1312 2878 1453 2927 nostra
1476 2881 1663 2947 imagine
1693 2899 1743 2929 ex
1769 2883 1946 2946 antiqua

126 2947 338 3000 Corniola
362 2966 562 3016 gemma,
589 2951 694 2999 olim
722 2948 835 3018 apud
864 2947 1138 2999 Leonardum
1167 2948 1458 3015 Augustinum
1486 2981 1499 2994 .

1727 3160 1877 3208 ARI-
