2336 3700
1781 377 1852 441 13

689 531 1372 604 PITTACVS.

75 788 77 791 v
135 657 240 793 P
258 726 523 777 ITTACVS
556 742 734 791 quoque
767 744 816 773 ex
848 725 1063 792 Delphico
1089 727 1278 793 Tripode
1300 762 1315 786 ,
1352 733 1397 781 in
1435 750 1586 782 omnes
1615 752 1709 783 oras
1741 735 1942 801 sapientie

135 797 556 864 famz'ipermanauit·
591 797 821 861 Mytilenis
851 810 996 849 natus,
1025 814 1123 844 cum
1151 798 1205 844 ab
1231 817 1333 866 agro
1361 805 1499 866 patrio
1529 804 1666 853 hostes
1701 805 1941 853 Athenien-

131 866 198 914 ses
221 865 434 932 expulislet
448 897 462 921 ‚
487 863 597 930 apud
625 864 721 911 suos
737 866 782 910 in
799 882 958 929 magno
973 865 1134 914 honore
1148 866 1314 916 habitus
1333 871 1403 926 est,
1420 873 1699 938 princepsque
1714 876 1942 939 Mytilenis

133 935 298 991 factus,
325 953 425 982 cum
453 933 600 982 decem
625 935 746 980 annis
764 933 1096 998 Rempublicam
1114 938 1289 1000 optimis
1315 941 1511 988 institutis
1544 942 1871 1008 composuisset,
1900 944 1942 990 se

130 1005 273 1067 ipsum
300 1004 451 1070 sponte
475 1003 716 1067 magistratu
729 1001 966 1049 abdicauit.
993 1003 1066 1050 Ad
1082 1003 1298 1053 sexcentos
1312 1010 1453 1058 versus
1482 1009 1535 1057 de
1552 1012 1716 1077 legibus
1743 1011 1794 1060 ad
1811 1013 1942 1059 Ciues

131 1073 327 1139 scripfiffe
343 1073 551 1138 ait,eiusq;
567 1072 791 1120 sententias
802 1073 927 1120 refert
942 1074 987 1119 in
1003 1075 1090 1120 eius
1103 1076 1189 1123 vita
1201 1079 1403 1135 Laertius,
1420 1097 1518 1127 cum
1543 1083 1651 1128 circa
1664 1086 1779 1129 XIII.
1798 1083 1941 1146 Olym

128 1144 300 1207 piadem
316 1142 535 1190 floruiss‘et.
560 1144 662 1189 Eius
677 1145 821 1207 imago
836 1140 1087 1207 deprompta
1103 1143 1159 1190 est
1175 1162 1224 1191 ex
1240 1149 1419 1212 antiquo
1435 1165 1553 1196 aeneo
1570 1167 1768 1206 nummo,
1782 1167 1938 1214 quem..

128 1214 365 1278 Mytilenei
379 1216 421 1258 in
441 1211 650 1259 honorem
666 1212 887 1258 illustrium
902 1209 1074 1257 suorum
1096 1215 1272 1262 Ciuium
1291 1219 1470 1270 Pittaci,
1483 1227 1526 1265 δέ
1542 1220 1672 1266 Alcaei
1689 1219 1914 1285 percussere
1930 1253 1942 1264 .

129 1283 256 1328 Circa
270 1281 403 1346 ipsam
422 1281 656 1344 imaginem
671 1297 831 1326 nomen
845 1281 994 1326 Pittaci
1019 1280 1268 1347 inscriptum
1285 1285 1341 1332 est
1359 1292 1777 1343 HITTAKOC.A
1789 1289 1941 1336 lcaeum

125 1360 230 1407 vero
247 1363 355 1409 inter
370 1361 540 1409 illustres
557 1365 708 1409 Poe'tas
735 1360 952 1407 retulimus
971 1391 981 1402 .
1017 1361 1101 1405 Hic
1130 1377 1333 1411 nummus
1356 1366 1461 1412 olim
1479 1366 1688 1416 visebatur
1704 1368 1815 1434 apud
1844 1372 1941 1420 Ful-

128 1432 252 1477 uium
268 1431 466 1480 Vrfinum
481 1463 495 1488 ,
525 1431 637 1497 apud
651 1447 783 1497 quem
800 1430 929 1477 ctiam
962 1429 1112 1477 Pittaci
1138 1430 1263 1495 ipsius
1279 1451 1329 1481 ex
1345 1452 1560 1502 marmore
1593 1452 1717 1504 caput
1734 1440 1904 1488 extabat
1922 1476 1936 1487 .

797 1575 1263 1680 PLATo.

121 1712 366 1843 INTER
382 1780 575 1828 summos
588 1779 876 1846 Philosophos
890 1782 1042 1828 Diuini
1055 1799 1303 1848 cognomen
1316 1782 1430 1831 solus
1445 1786 1600 1832 meruit
1615 1785 1755 1841 Plato,
1776 1785 1934 1850 ingenii

122 1866 172 1897 ac
198 1849 396 1896 doctrinae
412 1853 611 1914 Princeps
628 1882 639 1893 .
663 1851 745 1896 Hic
767 1850 821 1896 ab
835 1851 921 1897 alto
935 1849 1132 1899 demiffus
1160 1851 1213 1898 ad
1230 1867 1357 1900 terras
1389 1853 1639 1917 sapientiam
1673 1854 1904 1919 asportauit
1922 1885 1938 1909 ,

124 1934 175 1968 vt
193 1935 281 1965 non
295 1935 383 1965 tam
402 1919 686 1984 Philosophiae
704 1919 818 1965 cultu
833 1950 847 1974 ,
874 1936 1005 1983 quam
1021 1922 1262 1985 Religionis
1291 1922 1498 1989 mysteriis
1514 1955 1528 1978 ,
1558 1941 1652 1988 quae
1670 1925 1722 1970 ad
1758 1924 1935 1971 felicita-

120 2002 211 2035 ten]
227 1987 345 2034 ducit
357 2019 371 2042 a
389 1988 595 2037 Mortales
611 1987 792 2035 erudiret
806 2021 817 2033 .
836 1991 934 2034 Pius
953 1989 1038 2053 ipse
1055 1989 1107 2035 ad
1122 1990 1405 2038 Christianam
1424 1994 1625 2056 pietatem
1642 1994 1823 2047 acceffit,
1842 1993 1935 2038 nul-

122 2057 245 2122 lique
260 2058 420 2121 magis,
441 2056 571 2122 quam
589 2058 679 2111 illi,
696 2075 745 2103 ex
763 2057 1038 2122 Philosophis
1057 2059 1241 2106 veritatis
1259 2091 1274 2114 ‚
1304 2078 1352 2106 ac
1381 2075 1539 2107 naturae
1569 2062 1715 2109 lumen
1755 2060 1934 2120 affulsit.

121 2132 222 2189 (ΕΑ
239 2125 291 2172 de
303 2126 424 2172 causa
440 2127 511 2172 illa
524 2128 635 2173 Iouis
653 2128 788 2190 capite
804 2140 900 2172 nata
920 2129 1115 2175 Minerua
1128 2159 1142 2182 ‚
1170 2129 1421 2193 iunCtusque
1439 2129 1664 2178 Musarum
1681 2132 1833 2177 chorus
1855 2161 1868 2183 ‚
1883 2134 1928 2177 in

119 2195 370 2243 Academiae
397 2196 560 2249 hortis,
590 2196 758 2242 Platani
779 2194 1002 2243 frondibus
1030 2198 1195 2260 semper
1225 2199 1408 2245 virentes
1443 2198 1584 2245 lauros
1614 2199 1895 2247 admiscentes
1913 2231 1928 2255 ‚

120 2266 580 2318 coronamintexuere,
608 2264 806 2329 sertoque
818 2266 991 2328 perenni
1021 2266 1212 2312 Platonis
1232 2268 1358 2330 capiti
1389 2265 1596 2314 inseruere
1613 2301 1625 2312 .

189 2335 271 2380 Hic
284 2333 475 2380 Platonis
486 2336 662 2387 Herma,
676 2337 750 2398 qui
765 2335 869 2380 olim
882 2333 993 2398 apud
1007 2335 1208 2380 Fuluium
1223 2335 1421 2382 Vrfinum
1440 2337 1622 2392 extabat,
1643 2338 1827 2386 eundern
1844 2341 1928 2386 iam

119 2401 264 2449 senem
289 2402 581 2468 repraesentat,
622 2419 722 2449 nam
739 2402 857 2468 supra
891 2402 1226 2466 octuagefimum
1255 2420 1416 2451 annum
1455 2405 1676 2470 impleuit:
1714 2411 1781 2454 cui
1816 2426 1930 2455 mor-

120 2486 198 2518 tuo
224 2472 471 2519 Aristoteles
488 2489 618 2527 aram,
632 2473 897 2537 statuamque
914 2470 1087 2518 sacrauit
1102 2504 1113 2515 .
1129 2476 1239 2520 Item
1253 2473 1523 2520 Mithridates
1544 2475 1798 2524 Rhodobati
1816 2476 1875 2524 fili
1882 2495 1928 2524 us

119 2541 264 2587 Perses
280 2543 325 2587 in
338 2540 573 2589 Academia
591 2541 723 2590 Musis
738 2543 970 2604 imaginem
990 2540 1177 2588 Platonis
1195 2541 1366 2596 dicauit,
1382 2544 1647 2609 Syllanionis
1667 2563 1774 2610 opus
1796 2580 1807 2591 .
1843 2547 1925 2593 Sed

123 2618 166 2657 δέ
182 2609 388 2674 sapientes
404 2610 472 2671 alij
491 2611 615 2657 huius
633 2608 882 2673 Philosophi
902 2608 1046 2656 laudes
1072 2611 1396 2659 cumulauerunt
1413 2645 1425 2655 .
1457 2615 1611 2661 Cicero
1624 2614 1667 2661 in
1684 2620 1818 2662 Bruto
1838 2633 1928 2663 me-

121 2679 250 2726 minit
275 2678 414 2725 statuae
429 2710 443 2733 ,
470 2697 602 2744 quarn
619 2682 630 2726 i
637 2680 706 2744 pse
725 2678 873 2725 habuit
900 2695 911 2723 τ
930 2677 1053 2725 Tum
1067 2680 1112 2727 in
1121 2680 1297 2747 pratulo
1307 2692 1477 2747 propter
1495 2683 1690 2730 Platonis
1697 2682 1921 2747 statuam,

123 2746 382 2813 consedimus
395 2780 406 2792 .
421 2748 575 2796 Obuiae
601 2748 696 2796 sunt
712 2747 835 2813 ipfius
851 2749 1170 2813 imagines‚tum
1184 2752 1227 2796 in
1244 2749 1414 2804 hermis,
1440 2765 1531 2798 tum
1551 2755 1595 2798 in
1612 2755 1749 2798 anulis
1763 2772 1812 2800 ex
1830 2785 1843 2809 ,
1877 2755 1926 2815 ijs

119 2833 228 2881 quas
255 2819 343 2864 eius
371 2816 588 2865 seffitatores
613 2818 785 2883 plurimi
822 2815 959 2864 studio
987 2819 1172 2884 magistri
1209 2821 1399 2868 venerari
1440 2820 1692 2867 consueuere
1707 2854 1719 2865 .
1761 2827 1810 2870 In
1845 2824 1926 2871 hoc

119 2886 282 2932 Herma
297 2917 311 2941 ,
337 2904 468 2951 quem
484 2887 702 2934 referimus
719 2917 733 2941 ,
749 2902 840 2933 non
855 2885 994 2934 solum
1010 2887 1091 2934 lata
1104 2888 1222 2935 frons
1236 2919 1250 2943 ,
1279 2886 1350 2934 sed
1369 2896 1410 2934 ὃ(
1430 2888 1501 2935 lati
1520 2889 1686 2937 humeri
1702 2891 1925 2958 designan-

122 2967 191 3000 tur
204 2984 218 3006 ,
233 2955 344 3002 vnde
360 2958 552 3003 Platonis
582 2972 748 3004 nomen
771 2987 786 3013 ‚
816 2972 916 3004 cum
943 2958 1059 3023 prius
1088 2956 1318 3004 Aristocles
1348 2971 1570 3008 vocaretur
1600 2991 1615 3017 ‚
1640 2961 1790 3009 Graeca
1818 2980 1924 3010 voce

123 3022 319 3073 sortitum
334 3021 411 3072 elle
445 3023 655 3074 affirmant
683 3057 695 3069 ·

1100 3169 1146 3212 D
1719 3172 1859 3217 PLA-
