2336 3700
417 343 497 410 ¹4

999 502 1049 569 P
1087 501 1457 568 LATO.

332 643 446 780 E
460 719 499 759 Χ
515 715 704 760 Gemma
719 703 846 754 Sarda
859 703 941 751 siue
957 699 1160 748 Carniola
1176 697 1310 744 oualis
1324 697 1532 760 form{,ac
1548 699 1722 766 insignis
1738 697 1901 747 artificii
1919 697 2006 745 hcec
2025 696 2154 744 altera

336 785 528 831 Platonis
544 785 690 844 imago
710 775 934 839 desumpta
980 770 1060 824 est,
1089 784 1223 832 quam
1249 784 1299 813 ex
1331 770 1495 815 Graecia
1520 768 1699 818 attuliffe
1727 770 1944 817 Iulianum
1981 764 2158 815 Caesari-

335 871 442 900 num
483 848 757 899 Cardinalem
803 846 847 889 in
888 840 1136 887 Florentino
1174 837 1377 884 Concilio
1419 842 1629 906 Legatum
1668 843 1852 886 Ioannes
1899 837 2033 884 Faber
2067 850 2160 894 mes

345 936 513 968 morat.
550 919 663 965 Huic
711 912 921 960 subiectus
954 907 1009 955 est
1037 908 1185 954 herma
1201 919 1395 953 truncato
1409 912 1543 974 capite
1561 927 1661 956 curn
1685 907 1959 973 inscriptione
1988 908 2160 959 ΠΛΑ-

340 1004 497 1054 ΤΩΝ
522 990 934 1048 APIETQNOC
958 984 1332 1040 Affl-INAIOC
1360 984 1484 1031 Plato
1521 987 1735 1035 Aristonis
1775 985 1886 1033 filius
1920 985 2162 1034 Athenien-

339 1082 390 1129 sis
422 1081 534 1123 iuxta
551 1074 800 1136 Diogenem
821 1067 1039 1114 Laertium
1057 1082 1067 1109 :
1085 1063 1160 1128 qui
1178 1077 1277 1107 eum
1296 1060 1481 1107 Athenis
1498 1078 1613 1126 patre
1624 1061 1842 1119 Aristone,
1858 1078 2009 1112 natum
2024 1062 2169 1111 scribit

349 1164 463 1195 anno
489 1141 672 1192 secundo
692 1135 957 1203 Olimpiadis
988 1131 1281 1197 odiuagesimae
1295 1130 1518 1180 Archonte
1546 1134 1724 1181 Aminia
1742 1164 1755 1176 .

894 1343 1636 1416 POSSIDONIVS.

346 1490 403 1622 I
421 1557 956 1612 MMORTALITATIS
972 1554 1133 1603 famam
1160 1552 1402 1603 iuremerito
1416 1553 1584 1602 obtinet
1598 1551 1985 1609 Poffidonius‚non
2002 1567 2175 1604 tantum

349 1634 467 1692 quod
483 1631 630 1679 Rhodi
644 1631 903 1677 Ciceronem
919 1629 961 1672 in
977 1625 1130 1672 scholis
1143 1623 1500 1679 docuerit‚verum
1514 1626 1641 1670 etiam
1656 1622 1774 1687 quod
1788 1623 1858 1685 sue
1875 1622 2066 1685 doctrine
2084 1624 2175 1671 lau·

349 1698 619 1749 datiffimum
638 1699 855 1762 exemplar
897 1695 1011 1742 facto
1041 1692 1357 1740 confirmauerit
1375 1726 1386 1737 .
1423 1696 1462 1740 Is
1479 1710 1666 1757 namque
1682 1692 1794 1739 saeuo
1814 1708 1984 1740 artuum
2013 1692 2174 1742 morbo

351 1782 396 1812 m
412 1774 521 1818 ledio
537 1767 801 1815 decumbens
828 1767 848 1811 ἐι
868 1764 1083 1828 Pompeio
1099 1764 1269 1827 Magno
1285 1760 1518 1810 honorifice
1545 1762 1745 1809 salutatus
1760 1792 1774 1816 ,
1803 1760 1856 1808 de
1873 1760 1992 1808 bono
2008 1791 2023 1816 ‚
2044 1775 2176 1826 atque

356 1840 579 1887 tolerantia
609 1835 831 1888 differens,
861 1850 962 1879 cum
991 1830 1250 1878 adoloribus
1266 1834 1595 1885 excruciaretur,
1629 1830 1756 1877 Nihil
1772 1831 1969 1895 ,inquit,
1988 1831 2078 1896 agis
2093 1830 2176 1879 do-

350 1905 441 1961 lor,
487 1909 688 1971 quamuis
701 1905 751 1953 sis
779 1901 1009 1956 molestus,
1037 1917 1263 1965 nunquam
1287 1915 1328 1947 te
1355 1900 1593 1948 confitebor
1620 1900 1784 1946 malum
1803 1931 1815 1944 .
1841 1901 1908 1946 Sic
1939 1899 2176 1949 tolerantiae

349 1997 394 2025 ac
408 1977 636 2040 diiciplinae
651 1975 730 2021 suae
746 1973 1085 2037 experimentum
1104 1970 1281 2033 praebuit
1298 1970 1603 2025 Poffidoniu83
1625 1968 1731 2016 nihil
1748 1969 1912 2016 malum
1931 1968 2175 2018 existimans

351 2047 427 2094 nisi
442 2045 558 2110 quod
585 2060 727 2109 turpe.
751 2044 889 2089 Huius
906 2038 1160 2101 Philosophi
1191 2056 1240 2083 ex
1269 2055 1482 2086 marmore
1496 2041 1640 2102 imago
1659 2041 1828 2102 pectore
1864 2038 2063 2102 palliam,
2092 2056 2174 2088 no-

352 2139 453 2170 men
471 2118 720 2183 inscriptum
735 2117 860 2164 habet
892 2112 1348 2161 ΠΟΣΙΔΩΝΙΟΣ
1366 2140 1378 2152 ·
1431 2107 1617 2155 Extabat
1633 2106 1746 2171 apud
1774 2107 2052 2155 Cardinalem
2070 2111 2169 2157 Far-

354 2191 514 2238 nelium
532 2220 545 2242 ‚
573 2187 730 2234 deuius
747 2188 977 2252 exemplari
1009 2187 1094 2232 hxc
1118 2187 1256 2235 nostra
1283 2185 1506 2248 desumpta
1534 2182 1614 2229 est.
1656 2185 1719 2228 At
1734 2186 1936 2248 quamuis
1964 2185 2166 2234 Poffido-

351 2264 444 2308 nius
473 2256 620 2305 Rhodi
636 2257 835 2311 doceret,
868 2260 1086 2322 Apamaeae
1114 2270 1258 2303 tamen
1277 2258 1407 2322 Syriae
1424 2266 1575 2299 natum
1590 2250 1728 2316 ipsum
1747 2251 1881 2301 afferit
1910 2254 2093 2302 Strabo.

764 2470 1675 2536 PYTHAGORAS.

361 2610 460 2742 P
486 2682 1066 2730 HILOSOPHIAEItalicae
1095 2684 1298 2749 Princeps
1327 2681 1407 2728 fuit
1434 2678 1699 2746 Pythagoras
1719 2679 1913 2736 Samius;
1944 2675 2175 2726 nama'Sa-

359 2768 435 2797 mo
467 2751 702 2815 Polycratis
719 2753 992 2816 tyrannidem
1007 2751 1177 2816 fugiens
1202 2754 1367 2800 Italiam
1379 2750 1526 2815 petijt,
1553 2747 1827 2813 scholamque
1846 2753 2041 2796 Cottone
2057 2747 2174 2796 insti-

360 2821 502 2872 tuit‚&
523 2816 849 2884 Philosophiam
867 2823 1044 2886 primus,
1060 2821 1140 2867 hoc
1154 2822 1210 2869 est
1226 2820 1437 2888 Sapientieg
1453 2817 1636 2866 studium
1652 2819 1878 2883 appellauit
1891 2850 1906 2873 ‚
1924 2818 1946 2864 ὲ
1964 2834 2048 2882 qua
2064 2817 2173 2864 ccle-

362 2890 540 2934 berrimi
559 2889 809 2954 Philosophi
824 2891 1027 2938 claruere.
1064 2894 1190 2938 Extat
1216 2891 1492 2956 perantiquus
1508 2889 1777 2953 Imperatoris
1789 2886 2030 2935 Commodi
2046 2903 2175 2934 num-

357 2958 658 3016 musaSamijs
695 2959 924 3023 percussus,
958 2963 1002 3006 in
1033 2961 1149 3006 cuius
1178 2962 1310 3007 altero
1337 2960 1462 3007 latere
1493 2957 1617 3022 ipsius
1645 2958 1914 3022 Imperatoris
1945 2971 2071 3023 caput
2099 2972 2173 3002 ex-

357 3027 534 3088 press'um
551 3027 622 3083 est,
635 3029 680 3073 in
699 3029 831 3076 altero
844 3029 1089 3096 Pythagore
1106 3027 1288 3080 sedentis
1306 3027 1450 3078 visitur
1472 3024 1741 3076 simulacrum
1758 3027 1974 3076 dexteram
1993 3039 2174 3140 marcilum

2050 3110 2072 3139 a
