2336 3700
1843 373 1906 410 11

776 568 1421 636 PERSIVSt

182 709 315 847 A
334 781 484 827 VLVS
511 779 753 826 PERSIVS
783 778 952 826 Flaccus
969 780 1113 843 Eques
1140 780 1369 827 Romanus
1400 778 1632 826 Volaterris
1654 793 1776 827 natus
1810 783 2001 829 carmine

176 852 372 915 Satyrico
387 850 443 896 ita
460 848 653 895 inclaruit
668 879 682 902 ,
702 862 749 897 vt
773 850 818 896 in
846 847 1074 897 Musarum
1089 848 1371 897 contubernio
1386 862 1577 915 receptus
1594 880 1608 904 ,
1623 851 1826 898 Romana
1844 848 2001 898 hedera

175 935 302 984 caput
332 917 517 965 redimiri
541 916 590 967 sit
603 919 798 966 meritus.
836 921 1087 967 Maximum
1111 919 1257 984 gloriae
1288 921 1511 986 praemium
1528 950 1543 976 ,
1572 921 1772 985 quamuis
1784 934 1874 966 vno
1889 919 2001 967 libro

173 989 426 1037 consecutus
441 987 524 1035 est·
555 993 698 1052 Qare
717 987 770 1036 de
785 987 879 1056 ipso
904 988 1138 1038 Martialis.

311 1058 470 1124 Saepius
488 1058 536 1105 in
552 1057 659 1105 libro
671 1071 933 1107 memoratur
947 1059 1108 1124 Peisius
1128 1077 1217 1108 vno
1228 1091 1243 1116 ,

298 1176 303 1180 ,
311 1128 469 1197 Qc‘zm
485 1128 593 1176 leuis
610 1128 656 1176 in
670 1141 764 1176 tota
793 1131 852 1178 M
853 1129 972 1194 aifits
986 1129 1250 1193 Amazonide
1265 1163 1277 1174 .

245 1199 412 1245 Floruit
437 1197 516 1244 sub
543 1199 729 1246 Claudio
744 1231 758 1254 ,
786 1208 827 1247 δε
844 1203 1023 1246 Nerone
1042 1199 1315 1265 Principibus
1331 1230 1346 1255 ,
1370 1200 1564 1248 summus
1580 1202 1823 1249 Horatianae
1837 1202 1998 1264 Satyrae

177 1268 395 1321 imitator,
413 1283 460 1312 ac
476 1269 677 1315 omnium
692 1300 705 1323 ,
732 1268 911 1334 quipost
927 1268 1066 1333 ipsum
1082 1270 1127 1315 in
1144 1287 1196 1315 eo
1207 1286 1362 1334 genere
1377 1269 1419 1317 se
1433 1285 1733 1325 exercuerunt,
1760 1286 1860 1318 cum
1875 1270 1999 1314 Iunio

174 1337 377 1385 quenale
403 1339 492 1400 pari
506 1336 620 1384 fama
648 1338 972 1389 illusttiffimus.
999 1338 1217 1387 Tabulam
1238 1351 1530 1388 marmoream
1558 1356 1657 1388 cum
1689 1339 1814 1399 Persij
1846 1339 1999 1400 imagi-

172 1421 258 1461 ne,
288 1424 338 1452 ex
356 1423 440 1471 qua
456 1406 564 1453 hanc
590 1407 779 1454 nostram
794 1406 1016 1462 ducimus,
1042 1407 1185 1472 primo
1199 1410 1245 1454 in
1258 1408 1406 1459 Iacobi
1432 1407 1622 1459 Sadoleti
1654 1408 1892 1456 Cardinalis
1926 1407 1999 1451 Bi-

173 1475 423 1529 bliotheca,
452 1475 551 1521 inde
567 1479 611 1524 in
626 1477 761 1537 Fuluij
782 1476 920 1527 Vrsini
946 1477 1118 1525 Musaeo
1147 1478 1384 1532 visebatur,
1416 1479 1490 1543 qui
1509 1494 1603 1524 eam
1618 1478 1662 1525 in
1692 1477 1776 1525 suis
1793 1478 2000 1524 Virorum

170 1545 404 1593 Illustrium
420 1546 684 1610 Imaginibus
698 1545 917 1593 recensuit.
934 1544 1054 1594 Idem
1069 1545 1290 1595 Sadoletus
1306 1547 1443 1595 homo
1456 1548 1656 1594 omnium
1669 1545 1751 1594 suae
1763 1546 1895 1593 aetatis
1908 1560 2000 1589 eru-

170 1612 355 1667 ditione,
370 1630 417 1660 ac
429 1613 624 1662 dostrina
639 1615 907 1670 clarissimus,
920 1615 996 1663 sibi
1007 1616 1250 1681 persuasum
1266 1616 1429 1671 habuit,
1442 1629 1488 1664 vt
1504 1615 1630 1663 refert
1641 1615 1789 1670 Faber,
1800 1614 1908 1661 hanc
1920 1610 1999 1659 elie

169 1682 299 1743 Persii
313 1680 499 1748 effigiem
518 1684 643 1739 ,cum
660 1699 833 1751 propter
849 1685 1078 1741 hederam,
1104 1704 1191 1751 qua
1215 1688 1394 1752 Satyrici
1411 1688 1554 1733 Poe‘tae
1571 1687 1766 1732 coronari
1779 1682 1972 1731 solebant
1986 1710 2002 1734 ,

170 1751 266 1802 tum
282 1769 456 1818 propter
468 1756 668 1809 Cornuti,
684 1755 755 1802 seu
769 1754 902 1803 Probi
918 1754 971 1803 dc
983 1755 1138 1803 eodem
1150 1755 1462 1805 testimonium,
1477 1756 1565 1802 eius
1582 1753 1851 1807 modestiam,
1864 1748 2002 1816 pudo-

171 1838 354 1885 remque
383 1825 693 1884 exprimentem
726 1851 737 1862 .
785 1825 894 1865 Fuit
921 1834 1034 1865 emm
1061 1826 1222 1880 Persius.
1234 1815 1420 1865 moribus
1448 1814 1663 1881 lentffim'is
1680 1849 1694 1873 ,
1720 1834 1769 1863 ac
1793 1816 2001 1880 virginali

172 1890 367 1959 quadam
395 1888 683 1944 verecundia,
689 1886 925 1953 formaque
936 1885 1145 1951 modesta,
1174 1903 1223 1933 ac
1228 1885 1412 1953 pulchra
1427 1920 1440 1933 .

690 2080 1494 2161 PINDARVs

177 2239 280 2375 P
311 2309 626 2357 INDARVM
642 2308 766 2356 aurea
796 2306 951 2354 cithari
964 2305 1188 2354 sonantem
1204 2337 1217 2361 ,
1240 2321 1400 2352 nouem
1416 2306 1547 2354 totius
1560 2305 1733 2353 Graeciae
1749 2303 1995 2370 praestantis-

178 2380 386 2427 fimorum
405 2379 660 2445 Lyricorum
673 2378 799 2442 longe
814 2377 1065 2442 Principem,
1084 2377 1229 2442 Regio
1245 2376 1391 2440 capitis
1406 2374 1558 2422 decore
1574 2374 1791 2423 vniueisus
1806 2376 2000 2424 Parnaffi

174 2448 333 2495 chorus
358 2478 373 2501 ,
399 2447 584 2511 suusque
608 2447 775 2512 Apollo
803 2459 982 2494 coronat
1008 2479 1019 2489 .
1042 2446 1221 2511 Spiritus
1249 2442 1568 2509 magnificentia
1594 2476 1607 2499 ,
1650 2453 1691 2491 &
1721 2445 1998 2493 beatissima„⁴

178 2534 321 2566 rerum
343 2547 357 2570 ,
384 2516 703 2580 verborumque
728 2518 850 2580 copia
867 2547 881 2571 ,
907 2514 1007 2563 teste
1030 2515 1328 2579 Qntiliano,
1352 2513 1676 2568 admirandum,
1703 2528 1874 2579 propter
1900 2530 1995 2577 quae

178 2587 385 2635 Horatius
397 2603 496 2633 eum
512 2586 666 2634 merito
682 2584 858 2632 credidit
875 2587 1039 2633 nemini
1064 2582 1318 2632 imitabilem
1333 2616 1343 2627 .
1367 2587 1497 2630 Fama
1511 2597 1624 2631 tenet
1642 2613 1655 2636 ,
1683 2586 1803 2629 Pana
1819 2585 1994 2630 Deum..

180 2654 307 2702 illum
336 2653 558 2703 Pastorum
573 2686 589 2711 ,
613 2652 802 2701 saltando
815 2685 831 2709 ,
856 2653 1122 2719 chorumque
1135 2652 1334 2700 ducendo
1346 2654 1390 2699 in
1407 2652 1629 2700 montibus
1644 2682 1657 2706 ,
1672 2651 1829 2716 paffim
1842 2649 1995 2699 decan-

181 2721 281 2770 tasse
309 2722 555 2784 hymnum,
584 2724 773 2788 quemin
800 2725 890 2770 eius
916 2724 1102 2788 gloriam
1126 2720 1333 2769 Pindarus
1360 2720 1678 2787 conscripserat,
1709 2719 1996 2785 Apollinique

179 2794 228 2840 in
242 2791 405 2852 delicijs
433 2791 576 2847 fuiffe,
609 2806 860 2858 partemque
883 2794 1238 2840 immolationum
1254 2792 1306 2838 ab
1322 2791 1416 2857 ipso
1444 2789 1671 2856 accepiffe..
1693 2793 1837 2852 Qare
1852 2791 1997 2836 Sacer-

184 2860 267 2909 dos
278 2875 486 2927 tanquam
513 2861 752 2911 diuinitatis.
774 2876 1022 2928 compotem
1037 2866 1082 2910 in
1107 2859 1314 2921 sacrificijs
1342 2862 1486 2927 palam
1503 2858 1805 2913 inclamando,
1837 2856 1998 2905 Pincia-3

183 2948 281 2979 rum
309 2931 362 2978 ad
394 2949 556 2978 caenam
576 2934 662 2980 Dei
699 2931 879 2981 vocabat
909 2965 921 2976 .
960 2931 1167 2981 Eiusdem
1191 2933 1312 2979 Vatis
1341 2949 1392 2978 ex
1420 2933 1643 2978 Marmore
1672 2940 1797 2993 caput
1826 2960 1841 2982 ‚
1874 2925 1995 2992 quod

183 3000 295 3048 olim
315 3002 360 3047 in
375 3001 537 3049 Herma
553 3000 743 3056 extabat,
765 3020 817 3049 ex
829 3002 1067 3051 Iustinianis
1097 2999 1292 3049 Aedibus
1307 3032 1321 3055 ,
1347 3002 1510 3066 primus
1524 3000 1568 3046 in
1582 2998 1660 3046 sua
1684 2995 1995 3061 Ichnographia

182 3069 316 3117 edidit
351 3071 543 3135 Ioannes}
562 3072 758 3136 Angelus
793 3073 1000 3121 Caninius
1037 3073 1182 3120 Pistor
1218 3071 1540 3137 Antiquitatum
1583 3066 1815 3119 studiosuS,
1843 3082 1889 3111 ac
1919 3063 1994 3111 deu

180 3139 367 3188 lineandi
382 3153 470 3189 arte
486 3142 760 3207 peritiffimus
776 3173 786 3185 .

1774 3206 1807 3250 P
1823 3205 1840 3249 I
1857 3203 1928 3249 N-
