2336 3700
725 577 1340 644 CICERO.

123 701 209 836 S
235 774 270 819 E
301 772 485 819 NOBIS
503 772 941 821 SPECTANDVM
959 772 1116 838 praebet
1132 774 1300 821 Tullius
1314 805 1329 829 ,
1346 775 1570 819 Romanus
1585 771 1897 820 Demosthenes
1916 803 1932 828 ,

117 848 236 889 cuius
252 840 426 905 eloquio
442 840 624 887 Athenae
641 841 738 907 ipsae
758 844 965 890 Mineruae
979 861 1066 898 arx,
1085 853 1126 891 δε
1140 841 1408 890 domicilium
1422 841 1686 906 obstupuere,
1703 841 1924 906 maiusque

116 911 225 958 nihil
242 909 532 957 Romulidum
548 927 665 962 aures
698 912 892 975 impleuit
906 945 917 961 2
949 911 1066 959 Illius
1088 912 1256 964 vultum
1271 910 1433 977 aspice,
1465 913 1510 959 in
1531 927 1661 975 quem
1677 926 1813 958 vnum
1836 913 1931 957 Ro-

118 997 193 1028 ma
208 1010 222 1033 ,
239 997 286 1024 ac
302 982 478 1026 Senatus
494 979 710 1027 Vniuersus
726 982 814 1029 vita
831 980 1081 1029 &libertate
1107 981 1289 1027 donatus
1305 1012 1321 1035 ,
1349 980 1497 1028 oculos
1515 1011 1529 1035 ,
1546 997 1704 1043 oraque
1720 981 1931 1026 conuertit

113 1048 499 1114 sapientissimum,
525 1065 570 1094 ac
601 1049 1024 1114 prouidentiffimum
1055 1049 1292 1097 Consulem
1310 1080 1325 1104 ,
1356 1053 1612 1112 Patremque
1633 1049 1780 1095 Patriae
1793 1048 1932 1112 admi-⁴

115 1132 228 1169 ratus
250 1151 262 1162 .
310 1120 502 1182 Antiqua
527 1148 541 1171 ,
589 1128 632 1166 δε
675 1117 829 1166 affabre
859 1119 1020 1184 sculpta
1056 1121 1277 1166 Ciceronis
1295 1121 1469 1182 imago,
1501 1116 1555 1163 ad
1593 1115 1927 1168 cuiusfimilitu-

119 1187 270 1235 dinem
296 1188 401 1233 hanc
431 1186 614 1234 nostram
644 1187 995 1236 adumbrauimus
1027 1190 1072 1235 in
1100 1188 1334 1247 Matthaeijs
1363 1186 1574 1234 Coelianis
1600 1187 1748 1232 Hortis
1781 1185 1926 1233 vifitur

115 1257 317 1323 proueOczi
347 1271 463 1303 aetate
481 1288 493 1311 ,
518 1260 731 1321 perampla
763 1256 930 1312 fronte,
962 1256 1065 1305 naso
1082 1256 1384 1321 subaquilinO,
1419 1254 1632 1319 barbaque
1645 1253 1757 1300 erasa
1777 1286 1792 1308 ,
1813 1257 1929 1301 iuxta

117 1326 331 1374 {uisaeculi
365 1343 530 1373 morem
554 1358 566 1380 ,
593 1343 669 1373 nec
688 1326 771 1373 fine
801 1327 989 1391 quadam
1026 1328 1110 1372 oris
1145 1326 1384 1379 hilaritate,
1415 1342 1545 1389 quam
1576 1324 1728 1388 pluries
1769 1332 1811 1370 δε
1844 1323 1932 1387 ipse

118 1397 168 1443 in
190 1394 271 1444 suis
298 1394 495 1457 Epistolis
521 1394 677 1443 indicat
702 1429 712 1439 ,
752 1399 904 1443 Vultus
933 1411 1033 1443 cum
1062 1398 1243 1460 pectore
1269 1393 1351 1445 suae
1369 1393 1452 1440 bafi
1466 1411 1515 1439 ex
1530 1410 1620 1441 vno
1651 1391 1930 1456 eodemque-⁴

120 1482 335 1512 marmore
350 1463 490 1521 hazrct,
506 1465 636 1513 inciso
648 1466 825 1518 nomine
842 1468 1078 1515 CICERO
1129 1462 1298 1514 vetustis
1328 1462 1425 1517 sane
1455 1463 1584 1515 literis
1600 1493 1613 1518 ,
1629 1479 1722 1527 quae
1737 1461 1920 1528 probant

121 1550 216 1590 ,elus
244 1547 412 1583 aetatem
437 1568 448 1579 η

729 1780 1345 1846 CICERO,

124 1914 372 2052 PRAE
402 1981 702 2029 CAETERIS
738 1983 1074 2031 CICERONIS
1120 1981 1378 2048 imaginibus
1419 1978 1566 2028 nobile
1603 1979 1887 2044 Antiquitatis
1917 2010 1933 2036 ,

123 2053 309 2118 artisque
345 2050 471 2098 decus
495 2054 600 2099 nitet
628 2054 674 2099 in
706 2050 864 2099 vetusta
894 2048 1066 2116 gemma
1096 2055 1282 2117 Onyce,
1322 2049 1436 2097 Italis
1464 2050 1643 2104 Cameo,
1687 2067 1780 2113 quae
1807 2047 1935 2112 ipfius

124 2128 364 2172 Oratorum
396 2123 600 2186 Principis
632 2122 800 2170 vultum
821 2120 984 2186 praefert
1012 2120 1298 2185 anaglyphico
1325 2136 1452 2183 opere
1484 2118 1790 2183 elegantissime
1827 2116 1935 2165 scul-

125 2208 250 2260 ptum
268 2223 282 2246 ,
312 2192 428 2238 cuius
444 2190 775 2239 delineationem
795 2192 861 2237 hic
880 2190 1031 2236 damus
1062 2222 1073 2233 .
1101 2192 1291 2236 Gemma
1310 2188 1396 2252 ipsa
1409 2189 1516 2234 olim
1546 2205 1588 2233 in
1607 2186 1936 2253 DaCtyliotheca

127 2262 307 2313 Camilli
322 2261 506 2310 Maximi
531 2259 770 2307 Cardinalis
791 2291 804 2314 ,
838 2260 1013 2306 nuncin
1032 2258 1225 2305 thesauro
1245 2260 1422 2322 Reginae
1451 2256 1670 2303 Christina:
1699 2256 1899 2321 Augustae
1917 2287 1930 2311 ‚

125 2329 438 2399 pulchritudine
466 2361 480 2384 ,
503 2347 550 2376 ac
567 2331 786 2376 Ciceronis
805 2328 998 2394 aspestu,
1012 2328 1160 2375 oculos
1174 2330 1216 2375 in
1235 2326 1563 2374 admirationem
1590 2326 1717 2371 trahit
1738 2354 1747 2380 ;
1783 2329 1933 2390 Imago

126 2401 230 2450 vero
246 2400 390 2447 similis
409 2399 465 2447 est
484 2399 597 2445 alteri
615 2393 861 2445 marmoreae
889 2399 934 2444 in
959 2395 1221 2446 antecedenti
1239 2395 1435 2443 exhibitae
1453 2426 1468 2450 ,
1485 2393 1555 2441 sed
1587 2393 1805 2458 aliquanto
1845 2412 1938 2459 gra-

129 2472 268 2525 cilior,
282 2467 653 2533 quemadmodum
675 2466 866 2514 Cicero&
886 2467 1116 2513 Plutarcho
1143 2482 1283 2511 macer
1300 2481 1480 2528 corpore
1497 2494 1511 2517 ,
1539 2478 1666 2527 atque
1697 2462 1807 2510 haud
1842 2463 1938 2510 satis

129 2538 262 2587 firmae
279 2537 535 2584 habitudinis
567 2534 811 2586 describitur
844 2567 854 2578 .
876 2537 988 2582 Huic
1004 2535 1154 2599 insigni
1182 2551 1364 2598 gemmae
1393 2549 1625 2579 nummum
1661 2531 1857 2578 addimus
1890 2532 1935 2579 in

128 2607 274 2656 Tullia
288 2607 469 2653 Familia
495 2605 520 2651 a
544 2606 695 2653 Fuluio
725 2604 880 2653 Vrfino
896 2604 1059 2651 editum
1074 2635 1087 2657 ,
1126 2606 1242 2649 cuius
1258 2605 1301 2649 in
1318 2603 1453 2649 altero
1477 2602 1605 2648 latere
1621 2615 1745 2664 caput
1779 2602 1934 2648 Romae

128 2676 343 2742 signatum
361 2674 443 2728 cst,
473 2676 516 2721 in
542 2676 673 2721 altero
690 2673 903 2739 quadriges
919 2675 1134 2737 aurigante
1154 2674 1340 2719 Victoria
1371 2688 1469 2717 cum
1501 2672 1627 2716 literis
1655 2672 1722 2716 M.
1740 2669 1934 2717 TVLLI.

127 2750 193 2796 At
213 2745 410 2809 quamuis
424 2743 516 2790 tuto
547 2743 734 2790 diuinare
747 2759 838 2788 non
859 2742 1045 2795 liceat,ad
1065 2757 1194 2808 quam
1210 2759 1257 2786 ex
1278 2742 1471 2805 plurimis
1488 2739 1640 2784 Tulliae
1674 2740 1827 2784 Gentis
1859 2742 1935 2787 Fa-

130 2815 265 2874 milijs
291 2813 359 2859 hic
375 2828 579 2858 nummus
594 2813 823 2876 pertineat,
852 2826 994 2858 tamen
1014 2842 1027 2865 ,
1054 2810 1106 2856 ad
1127 2812 1326 2856 Marcum
1358 2809 1551 2854 Tullium
1581 2807 1865 2861 Ciceronem,
1891 2816 1934 2855 &

126 2882 300 2933 fortaffe
323 2881 372 2928 ad
389 2881 682 2946 triumphuni,
719 2880 778 2926 ob
803 2897 868 2927 res
908 2882 952 2926 in
984 2880 1133 2925 Cilicia
1160 2878 1213 2924 ab
1248 2877 1338 2943 ipso
1360 2876 1464 2922 bene
1495 2875 1651 2942 gestaS,
1668 2872 1810 2922 referri
1824 2874 1938 2939 poffe

129 2952 249 3000 idem
279 2952 450 2997 Fuluius
481 2949 686 2996 existimat
717 2982 728 2993 .
774 2952 897 2996 Alter
925 2951 1097 2996 Graeeus
1131 2950 1356 2994 Nummus
1388 2959 1646 2991 memoratur
1683 2944 1705 2990 ὲ
1741 2947 1934 2991 Ioanne.

130 3020 270 3070 Fabro
292 3019 341 3073 ,a
373 3018 653 3085 Magnetibus
668 3016 744 3065 sub
760 3018 969 3080 eratris
996 3018 1179 3080 imperio
1195 3016 1462 3063 inhonorem
1478 3015 1549 3060 M.
1564 3014 1694 3073 Tullij
1710 3014 1928 3061 Ciceronis

132 3087 339 3158 percussus
358 3105 436 3155 pro
456 3089 649 3155 magnis,
666 3101 713 3134 vt
736 3087 822 3152 ipse
837 3088 1002 3151 inquit,
1017 3085 1099 3132 suis
1115 3087 1276 3134 meritis
1292 3116 1303 3128 .
1332 3087 1382 3131 In
1409 3080 1547 3129 antica
1559 3084 1645 3134 eius
1662 3094 1788 3146 caput
1799 3083 1937 3129 exculu

1742 3164 1867 3213 ptum
