2336 3700
960 384 992 445 Ι
1062 384 1133 447 N

356 509 1723 626 IMAGINES

224 789 235 805 ι
628 704 695 766 V
757 703 810 768 E
874 703 937 766 T
999 706 1046 767 E
1113 708 1182 772 R
1238 707 1304 770 V
1365 711 1448 772 M

210 856 1044 942 ILLVSTRIVM
1139 862 1866 949 POETARVM

533 1023 1530 1077 EXPOSJTIONES,

720 1333 1371 1405 ALCAEVS,

111 1527 247 1666 A
267 1572 504 1647 LCAfivs
532 1598 813 1665 Mytilenaeus
826 1614 934 1646 vnus
946 1616 998 1646 ex
1013 1614 1176 1645 nouem
1193 1598 1355 1664 Lyricis
1369 1629 1386 1655 ‚
1409 1602 1486 1664 qui
1505 1602 1621 1667 apud
1638 1605 1814 1655 Graecos
1832 1608 1943 1657 cele=

110 1671 322 1725 brantur,
348 1670 570 1717 aeternitati
596 1669 722 1717 famae
737 1667 1091 1718 commendatum
1127 1670 1343 1722 Plethrum
1368 1671 1457 1718 eius
1483 1689 1659 1721 aureum
1691 1692 1944 1744 nuncupant

110 1740 320 1787 Horatius
338 1748 382 1788 δεῖ
410 1739 702 1804 Qntilianus
723 1772 735 1783 .
769 1739 895 1805 Stylo
909 1738 991 1786 fuit
1001 1736 1179 1804 grandi,
1206 1738 1451 1796 acs0n0r03
1479 1745 1662 1805 percitus
1700 1747 1802 1794 vero
1834 1751 1941 1797 Mu..

109 1807 256 1856 sarum
274 1809 405 1857 oestro
421 1826 511 1857 non
522 1810 651 1856 armis
667 1823 837 1856 tantum
854 1839 868 1864 ,
893 1807 964 1855 sed
981 1808 1242 1856 carminibus
1257 1811 1388 1858 etiam
1403 1809 1487 1857 suis
1501 1811 1555 1858 ad
1572 1814 1776 1861 tuendam
1796 1820 1939 1881 patriae

110 1876 357 1924 libertatem
381 1875 580 1920 aduersus
605 1878 839 1938 Tyrannos
865 1877 1014 1918 acriter
1043 1875 1276 1918 decertauit
1289 1901 1305 1928 ,
1334 1888 1382 1917 ac
1399 1877 1454 1919 de
1483 1875 1641 1924 eodem
1652 1894 1939 1944 conterraneo

115 1944 195 1992 suo
210 1945 256 1993 in
285 1943 400 1992 hunc
414 1941 598 1989 modum
615 1941 791 2005 Sappho
815 1938 929 2005 apud
957 1938 1174 1986 Ouidium
1191 1973 1202 1984 .

324 2013 427 2061 Nec
453 2012 554 2078 plus
584 2010 752 2059 Alcaeus
785 2010 945 2074 corfim
969 2008 1230 2074 patriaeque,
1261 2011 1441 2077 {praeque

395 2080 558 2128 Laudis
573 2078 721 2135 habet,
746 2079 950 2145 quamuis
960 2078 1167 2141 grandior
1202 2079 1276 2128 ille
1282 2082 1439 2147 fimet.

184 2153 260 2202 Ab
288 2152 440 2200 Alcaeo
457 2151 684 2198 Alcaicum
700 2165 871 2196 carmen
886 2179 900 2202 ‚
931 2166 1021 2213 quo
1049 2164 1203 2213 genere
1218 2152 1495 2216 potiffimum
1507 2154 1605 2203 vsus
1630 2158 1688 2207 est
1698 2162 1905 2214 Horatius
1923 2200 1936 2212 .

111 2224 216 2272 Eius
244 2221 345 2270 vero
373 2221 500 2269 facies
530 2219 756 2284 desumpta
789 2217 846 2265 cst
874 2236 924 2265 ex
947 2235 1056 2265 aereo
1088 2219 1225 2282 Fuluij
1259 2219 1396 2268 Vrfini
1421 2238 1634 2280 nummo,
1665 2246 1796 2293 quem
1829 2238 1938 2301 My-

111 2292 338 2341 tilenenscs
371 2289 961 2356 percufferetAAKAIOC
986 2293 1212 2341 ΜΥΤΙΛ
1249 2290 1412 2338 Alcaeus
1431 2294 1782 2361 Mytilenenfium
1803 2334 1815 2345 .
1850 2308 1936 2355 In.»

111 2371 274 2434 postica
313 2366 500 2433 sculptus
525 2368 582 2415 est
610 2370 762 2416 Pittaci
788 2369 932 2416 vultus
951 2400 966 2423 ,
992 2383 1039 2414 vt
1067 2368 1144 2415 suo
1160 2369 1259 2415 loco
1289 2368 1572 2418 recensuimus
1611 2374 1721 2423 inter
1750 2378 1931 2430 Illustres

113 2437 406 2502 Philosophos
423 2472 434 2482 .
472 2440 663 2503 Populus
680 2441 825 2504 itaque
839 2436 1196 2504 Mytilencnfium
1214 2438 1297 2486 hoc
1321 2454 1662 2490 monumentum
1692 2445 1834 2510 posuit
1856 2454 1938 2500 Al-

115 2525 236 2564 cae0‚
268 2508 518 2567 &Pittac00
551 2521 598 2556 vt
627 2508 724 2555 suos
755 2508 1096 2573 praeclariffimos
1127 2509 1240 2556 ciues
1255 2508 1429 2557 summo
1457 2510 1622 2559 honore
1644 2514 1937 2582 prosequen35‘

114 2577 160 2624 se
189 2593 365 2641 quoque
395 2577 536 2642 ipsum
553 2577 665 2643 apud
678 2577 867 2644 posteros
898 2577 1140 2625 decoraret.
1181 2578 1351 2628 Claruit
1371 2582 1475 2628 alter
1490 2582 1661 2629 Alcaeus
1680 2587 1816 2635 Poe'ta
1846 2596 1938 2640 Co-

119 2647 257 2694 micus
273 2660 393 2693 aetate
418 2646 716 2713 Aristophanis
734 2680 749 2705 ³
781 2650 857 2713 qui
880 2666 979 2695 cum
1011 2647 1168 2695 eodem
1184 2649 1368 2698 Athenis
1384 2652 1586 2707 certauit,
1616 2652 1792 2719 eiusque
1826 2673 1940 2709 extat

120 2716 290 2762 mentio
312 2714 426 2780 apud
458 2716 752 2774 Athenaeum,
780 2727 824 2766 &
843 2719 1069 2766 Pollucem
1088 2752 1099 2763 .
1130 2717 1212 2765 Sed
1228 2718 1315 2767 haec
1331 2720 1469 2767 nostra
1485 2721 1633 2788 imago
1658 2722 1712 2773 ad
1725 2725 1938 2781 celebrem

118 2785 244 2836 illum
262 2786 464 2850 Lyricum
488 2786 828 2854 Mytilenensem
844 2818 858 2843 a
871 2806 919 2835 ex
931 2788 1203 2855 inscriptione
1214 2788 1432 2838 referenda
1444 2789 1501 2840 est
1514 2821 1526 2835 .

1082 3156 1105 3184 ῃ
1702 3144 1871 3194 ANA=
