2336 3700
447 428 519 467 12

865 619 1677 688 PINDARVS.

371 772 715 910 PINDARI
750 832 879 880 statua
904 847 1142 881 marmorea
1160 861 1175 885 ,
1210 832 1277 876 cui
1299 831 1503 894 temporis
1530 832 1614 878 ichu
1640 841 1764 893 caput
1793 825 1985 875 auulsum
2010 824 2091 880 est,
2116 824 2183 873 su-

373 930 448 979 per
463 907 547 957 bafi
574 907 676 960 stat,
698 902 909 969 adscripto
934 903 1111 951 nomine
1147 904 1513 955 HINAAPOC
1550 933 1561 945 .
1598 903 1757 965 Lyram
1774 897 1844 944 seu
1870 895 2186 951 Barbiton,seu

373 984 478 1050 quid
507 981 622 1029 aliud
648 995 827 1045 Vtraque
855 990 1148 1035 manutenet,
1175 979 1295 1045 quod
1320 979 1521 1027 vetustate
1536 975 1771 1041 disruptum
1790 1005 1804 1028 ,
1834 971 2033 1021 nonsatis
2063 970 2186 1018 intel-

374 1056 450 1119 ligi
479 1051 642 1118 potest.
691 1049 769 1097 Ob
801 1049 972 1097 Pindari
1000 1048 1278 1114 praestantiam
1296 1049 1506 1114 plurimos
1531 1047 1569 1092 ei
1583 1045 1742 1092 dicatos
1756 1041 1871 1091 fuiss'e
1901 1046 2111 1096 Hermas,
2143 1048 2188 1087 δε

370 1128 536 1171 Statuas
567 1123 612 1167 in
643 1118 949 1174 Bibliothecis,
980 1136 1026 1165 ac
1056 1118 1306 1185 Gymnasijs
1323 1118 1522 1166 credibile
1547 1116 1603 1163 est
1627 1134 1638 1161 :
1669 1131 1818 1161 aeream
1846 1111 1947 1160 vero
1975 1110 2099 1176 ipfius
2127 1108 2191 1155 se-

370 1193 541 1246 dentis,
572 1187 851 1253 habentisque
879 1190 1052 1256 lyram3
1077 1198 1117 1237 δι’
1137 1188 1358 1247 diadema,
1388 1207 1435 1236 ac
1465 1192 1508 1236 in
1536 1184 1717 1252 genibus
1741 1183 2046 1249 complicatum
2070 1177 2193 1226 libel-

370 1264 462 1310 lum
491 1259 617 1309 refert
646 1257 880 1308 Aeschines
906 1261 952 1308 in
979 1259 1176 1324 Epistolis
1204 1292 1215 1303 .

845 1464 1762 1533 POSIDIPPVS.

376 1609 808 1744 POSIDIPPVS
849 1677 1081 1723 CINISCI
1118 1678 1249 1725 Filius
1274 1675 1528 1726 caffandriae
1556 1676 1599 1721 in
1617 1670 2037 1722 Macedonianatus,
2065 1664 2204 1713 &Me-

373 1747 529 1795 nandri
558 1743 717 1793 excessu
747 1747 791 1792 in
826 1762 939 1792 noua
958 1745 1197 1793 Comoedia
1228 1749 1428 1811 Princeps
1445 1744 1503 1791 est
1532 1742 1700 1790 habitus
1728 1773 1739 1784 .
1784 1738 1928 1803 Ipsum
1943 1737 2122 1802 Agelius
2136 1751 2201 1781 re-

374 1816 516 1864 censet
539 1817 647 1859 inrer
685 1813 868 1857 celebrec
896 1816 1105 1860 nomicos
1130 1818 1308 1863 Graecos
1326 1848 1339 1872 ,
1378 1833 1426 1860 ex
1456 1813 1613 1874 quibus
1639 1813 1684 1858 in
1713 1812 1886 1855 Latium
1913 1806 2108 1854 Romani
2137 1802 2202 1849 fa-

374 1884 499 1931 bulas
517 1877 741 1927 vertebant
778 1893 789 1921 :
832 1874 1081 1921 Comoedias
1109 1875 1354 1925 leffitamus
1369 1874 1607 1940 nostrorum
1631 1877 1863 1921 Po'e'tarum
1882 1876 2116 1941 stampas,
2149 1887 2203 1918 ac

377 1952 521 2017 oeetfits
549 1948 601 1995 de
634 1945 785 1993 Graecis
811 1943 1057 1991 Menandro
1090 1975 1103 2000 ,
1130 1963 1178 1991 ac
1206 1947 1387 2012 Poffidio
1415 1977 1429 2001 ³
1454 1957 1535 1992 aut
1557 1942 1818 2010 Apollodoro
1842 1973 1857 1998 2
1885 1954 1965 1990 aut
1991 1941 2206 1998 Alexide,

377 2034 457 2068 aut
488 2015 748 2085 quibusdam
781 2015 881 2060 item
907 2014 1002 2078 alqs
1020 2016 1204 2061 Cornicis
1228 2050 1237 2059 .
1261 2018 1393 2062 Lilius
1425 2013 1626 2061 Giraldus
1657 2012 1709 2060 de
1739 2015 1969 2060 Po'e'tarum
1992 2011 2208 2066 Historia,

374 2106 423 2139 vt
440 2101 562 2138 notat
589 2085 765 2134 Voffius
783 2113 796 2137 ‚
833 2100 913 2148 pro
932 2081 1112 2146 Poffifdio
1141 2085 1402 2149 legendum,
1435 2082 1672 2147 Poffidom'o
1686 2081 1895 2138 aduertit,
1923 2085 1998 2148 qui
2014 2085 2202 2132 Menan-

376 2160 457 2206 dro
513 2155 782 2219 subiungitur
804 2185 815 2195 .
859 2152 991 2218 Apud
1021 2152 1196 2199 §uidam
1238 2154 1340 2201 vero
1371 2153 1624 2217 Posrdippus
1666 2166 1928 2199 memoratur
1954 2183 1968 2208 ,
2004 2155 2080 2218 qui
2105 2168 2205 2198 xxx·

375 2227 540 2276 fabulas
572 2225 768 2288 reliquit·
796 2222 926 2268 Alius
959 2221 1114 2268 abhoc
1133 2224 1387 2289 Pofidippus
1415 2225 1558 2270 floruit
1584 2224 1955 2287 Epigrammatum
1983 2220 2162 2286 scriptor
2188 2249 2205 2275 2

376 2314 511 2362 quem
543 2295 676 2341 citant
700 2290 932 2338 Athenaeus
949 2321 962 2343 ,
991 2292 1239 2341 Scholiastes
1270 2294 1521 2358 Apollonij,
1549 2301 1591 2338 Sc
1616 2292 1796 2338 Stobcus
1813 2289 1837 2337 εὶ
1863 2291 2019 2339 Voffio
2051 2289 2170 2338 relati
2188 2319 2202 2333 .

375 2365 482 2413 Eius
497 2365 628 2413 statua
657 2377 897 2408 marmorea
924 2363 1081 2408 Romae
1109 2376 1221 2409 extat
1251 2364 1295 2409 in
1320 2363 1468 2409 Hortis
1498 2361 1757 2415 Montalti3‚
1782 2377 1898 2407 nunc
1925 2359 2203 2407 Eminentiss.'

376 2434 589 2498 Principis
602 2429 838 2479 Cardinalis
858 2430 978 2476 Pauli
997 2431 1181 2487 Sabelli,
1208 2434 1252 2479 in
1277 2434 1392 2480 cuius
1426 2430 1508 2478 bafi
1536 2431 1688 2495 legitur
1716 2434 2200 2484 ΠΟΣΕῙΔΙΠΠΟΣ

379 2512 662 2577 Pofidippus.

951 2647 998 2709 P
1042 2649 1100 2712 Y
1147 2649 1209 2713 T
1255 2649 1325 2711 H
1370 2650 1420 2713 E
1466 2648 1531 2712 V
1576 2650 1651 2711 S.

384 2770 484 2903 P
496 2839 680 2886 YTHEI
714 2836 896 2886 sedentis
926 2840 1220 2905 volumenque
1247 2840 1487 2887 carminum
1515 2841 1694 2889 tenentis
1709 2842 1949 2905 Imaginem
1971 2839 2199 2905 Colopho-

381 2911 439 2968 nij
459 2909 503 2954 in
520 2909 732 2956 Nummis
748 2906 832 2955 suis
848 2908 1128 2974 expresserunt
1142 2940 1156 2964 ‚
1185 2909 1393 2974 adscripto
1406 2913 1582 2958 nomine
1611 2915 1898 2964 HY&EOC
1915 2941 1928 2964 ,
1946 2926 2074 2974 quem
2091 2908 2199 2955 cele—

382 2987 501 3034 brem
520 2985 637 3034 fuiffe
652 2989 830 3034 Poe'tam
847 2987 1007 3034 indicat
1022 2986 1148 3036 Musa
1174 3007 1272 3037 cum
1286 2987 1446 3036 mufico
1471 2990 1749 3038 instrumento
1766 2993 1810 3037 in
1835 2987 2011 3036 aduerso
2025 2987 2196 3036 nummi

379 3057 508 3103 latere
526 3055 682 3121 signata
698 3088 710 3099 ·
725 3055 948 3121 Iidemque
966 3057 1233 3122 Colophonij
1263 3057 1500 3122 complures
1517 3061 1622 3105 alios
1653 3060 1833 3125 insignes
1856 3063 1983 3106 Vates
2000 3089 2013 3112 ‚
2032 3072 2195 3122 atqua.-

379 3126 572 3190 apprime
587 3128 829 3173 Homerum
845 3126 922 3172 fibi
945 3125 1236 3175 vindicarunt.
1263 3129 1389 3175 Alius
1407 3128 1450 3173 in
1468 3129 1590 3175 Tesei
1607 3131 1692 3177 vita
1719 3130 1910 3194 Pytheus
1931 3140 2193 3174 memoratur

381 3194 403 3240 ὲ
420 3194 649 3243 Plutarcho
667 3194 1002 3243 Troezeniorum
1032 3198 1233 3263 Princeps
1251 3228 1264 3252 ‚
1293 3196 1481 3244 doctrina
1494 3215 1541 3244 ac
1563 3197 1778 3260 sententijs
1795 3196 1979 3253 illustris,
1998 3197 2114 3242 cuius
2131 3192 2195 3240 sa-

1995 3281 2118 3329 pren-
