2336 3700
431 342 502 379 10

329 445 368 478 te
402 430 722 479 memorabilior
739 429 896 479 etiam,
922 423 1052 489 quiin
1079 440 1212 486 regno
1240 421 1471 469 celebratur
1499 419 1522 466 ἃ
1555 419 1698 466 Plinio
1730 453 1740 467 .
1777 419 1930 468 Libros
1971 423 2067 470 suos
2098 423 2151 471 ad

329 505 488 548 (Laium
509 500 721 547 Caesarcm
750 495 931 561 Augusti
962 492 1099 540 filiurn
1117 490 1273 555 scripsit
1298 510 1311 547 3
1335 505 1463 555 atque
1496 487 1554 535 ob
1571 487 1756 535 studium
1780 491 1895 543 cius,
1930 498 1974 538 ἃ
2000 495 2146 539 amici-

330 575 434 616 tiam
471 572 515 615 in
546 573 772 615 Romanos
813 596 827 620 ,
865 564 886 610 a
919 562 1083 610 Caesare
1107 560 1304 626 Augusto
1326 558 1377 606 ad
1408 572 1632 623 paternum
1669 574 1847 623 regnum
1880 558 1962 606 fuit
1992 560 2154 609 restitu-

330 655 396 685 tus
425 671 438 692 ,
483 636 710 701 auctusque
756 635 938 698 amplius
967 646 1147 696 Vtraque
1195 630 1456 677 Mauritania
1484 659 1498 681 ,
1529 626 1761 692 multisque
1795 627 1995 692 Aphricae
2023 633 2151 692 parti-

333 709 409 754 bus
439 739 452 762 ,
482 721 529 754 vt
556 724 606 752 ex
621 706 775 753 eodem
794 704 936 750 Plinio
958 715 1086 765 atque
1102 699 1310 746 Strabone
1328 731 1339 744 .
1374 698 1476 744 Eius
1505 696 1632 744 facies
1662 714 1760 746 cum
1785 698 1902 761 regio
1916 697 2155 745 diademate

333 776 443 824 erasa
472 775 524 823 ad
554 793 720 822 morem
751 777 1004 820 Romanum
1035 771 1091 816 est
1134 771 1178 814 in
1211 785 1371 833 paruo,
1410 785 1457 813 ac
1489 765 1728 831 peruetusto
1744 780 1943 832 argenteo
1967 784 2152 813 nummo

333 848 495 894 l-atinis
523 843 880 906 litterisinseripto
909 843 1051 888 lvssA
1077 842 1199 885 REX
1217 870 1228 880 .
1259 840 1307 883 In
1337 839 1426 886 eius
1448 835 1624 882 aduerso
1658 836 1783 882 latere
1802 840 1892 881 Ara
1926 836 2152 901 quecdam,

333 915 537 980 insculpta
550 915 757 968 cernitur,
779 913 846 959 cui
862 908 1116 957 Cocodrilus
1132 939 1146 962 ,
1174 907 1259 953 siue
1274 910 1450 971 anguis,
1477 919 1548 952 aut
1574 921 1661 950 non
1679 904 1881 954 disfimile
1902 906 2061 953 animal
2079 905 2147 954 su-

334 984 658 1049 perimpositum
677 984 733 1029 est
763 1014 774 1026 .
810 981 922 1027 Hinc
939 977 1037 1025 inde
1070 976 1285 1024 arbuscula
1321 976 1410 1023 duo
1434 973 1737 1024 visuntureurn
1752 974 2044 1038 pomi8,forte
2059 992 2150 1021 ma-

333 1056 382 1101 lis
398 1055 566 1100 Punicis
596 1083 610 1106 ,
644 1069 690 1098 ae
704 1052 816 1098 notis
841 1049 958 1095 XT.
977 1049 1070 1094 VII.
1099 1050 1323 1093 Nummus
1340 1042 1461 1109 ipsea
1478 1042 1602 1089 nobis
1634 1045 1828 1090 Camillo
1843 1046 2027 1092 Maximi
2042 1048 2147 1092 Car-

334 1122 466 1169 dinali
482 1120 599 1168 dono
621 1119 740 1167 datus
756 1152 769 1176 ,
804 1133 918 1166 nunc
950 1119 995 1164 in
1018 1115 1238 1163 Thesauro
1255 1114 1476 1161 Christinae
1515 1113 1694 1179 Reginae
1719 1112 1983 1160 adseruatur.

450 1341 591 1403 ΡΙ...
628 1336 760 1400 CL
786 1335 935 1401 AV
959 1333 1209 1397 DIVS
1267 1328 1789 1396 IVLIANVS
1845 1331 2047 1394 IMP.

335 1459 434 1596 F
450 1531 585 1575 ELIX
616 1528 711 1576 sane
743 1529 928 1577 Iulianus
947 1559 962 1582 ,
980 1526 1054 1575 nisi
1068 1526 1309 1574 Christiana
1322 1526 1479 1590 pietate
1494 1524 1654 1572 deserta
1679 1558 1692 1582 ,
1721 1525 1742 1571 εὶ
1776 1543 1902 1580 vera,
1931 1543 1979 1571 ae
2002 1524 2157 1573 sincera

333 1600 567 1663 Religione
595 1597 811 1647 aberrasset
839 1630 853 1654 ,
879 1612 1006 1663 atque
1038 1598 1154 1643 inani
1188 1595 1478 1660 superstitione
1512 1595 1666 1642 falsum
1692 1596 1853 1641 cultum
1880 1595 2009 1641 Idolis
2040 1593 2156 1640 exhi-

335 1668 508 1715 buiss'et.
540 1668 724 1716 Iulianus
751 1667 878 1731 porro
893 1666 1129 1726 Constantij
1151 1665 1421 1713 Constantini
1435 1663 1772 1712 Maximifsatris
1799 1662 1908 1711 filius
1941 1663 2154 1712 Constan-

332 1736 517 1800 tinopoli
544 1737 686 1784 Flauia
719 1736 912 1802 Augusta
938 1753 988 1782 ex
1018 1735 1140 1800 stirpe
1180 1748 1412 1799 prognatus
1437 1764 1452 1789 ,
1483 1733 1680 1798 singulari
1715 1734 1890 1799 ingenio
1918 1732 2114 1797 praeditus
2140 1763 2155 1786 ,

333 1809 380 1854 in
398 1805 541 1865 studiis
565 1819 732 1852 aetatem
759 1823 888 1871 agens
907 1837 922 1861 ,
950 1804 1142 1853 summus
1174 1806 1219 1850 in
1233 1800 1505 1868 Philosopia,
1536 1803 1730 1849 summus
1746 1804 1791 1848 in
1807 1803 2052 1866 eloquentia
2067 1803 2156 1848 eni-

335 1877 443 1929 tuit,
474 1889 522 1922 vt
553 1876 643 1920 eius
677 1888 963 1922 monumenta
985 1875 1210 1922 testantur.
1246 1875 1344 1919 Nee
1361 1873 1402 1917 ei
1426 1888 1565 1918 mores
1584 1870 1783 1927 defuere,
1812 1872 2053 1918 moderatio
2070 1902 2084 1925 ,
2113 1879 2157 1917 Sc

336 1943 553 2007 frugalitas
584 1943 853 2007 Philosopho
869 1943 1025 2008 digna,
1054 1943 1301 2008 quinetiam
1327 1941 1476 1988 bellica
1502 1939 1751 1987 fortitudine
1778 1943 2019 2006 praecellens
2050 1942 2158 1986 inter

334 2016 529 2061 summos
548 2015 828 2078 Imperatores
844 2014 1031 2059 lauream
1048 2043 1062 2066 ,
1089 2021 1130 2058 &
1146 2010 1334 2075 palmam
1348 2011 1585 2074 promeruit
1611 2041 1625 2064 ,
1657 2025 1703 2056 vt
1717 2026 1779 2057 res
1794 2011 1982 2057 indicant
1996 2010 2049 2056 ab
2064 2008 2158 2074 ipso

334 2085 379 2131 in
411 2083 580 2135 Gallia,
603 2090 645 2128 Sc
673 2084 906 2130 Germania
935 2080 1131 2128 aduersus
1152 2079 1358 2126 Barbaros
1376 2078 1526 2142 gestae,
1553 2080 1753 2126 Marcum
1772 2081 2000 2126 Aurelium
2015 2084 2160 2125 Anto-

335 2154 489 2199 ninum
518 2150 857 2216 Philosophum,
891 2150 1162 2213 eundemque
1179 2147 1655 2196 bellatoremstrenuum
1671 2149 1786 2195 cultu
1801 2179 1815 2204 ,
1847 2148 2158 2215 disciplinaque

334 2224 380 2268 in
397 2221 518 2268 omni
536 2222 622 2267 vita
639 2222 827 2269 imitatus
845 2252 855 2267 2
884 2219 965 2266 Sed
999 2219 1084 2265 haee
1120 2217 1231 2264 bona
1247 2221 1394 2264 cuncta
1411 2248 1425 2272 ,
1455 2217 1526 2263 has
1541 2220 1710 2264 cunclas
1726 2217 1871 2264 laudes
1902 2234 1986 2266 vna
2004 2219 2158 2281 impie-

335 2291 432 2337 tatis
458 2289 570 2336 labes
588 2289 799 2343 confecit,
849 2303 976 2354 atque
1004 2287 1162 2335 deleuit
1185 2305 1198 2342 3
1230 2288 1505 2333 namiuuenis
1524 2285 1660 2332 adhuc
1687 2287 1708 2332 a
1727 2287 1910 2333 Libanio
1933 2287 2123 2336 Rhetore
2139 2317 2155 2339 ,

336 2373 463 2423 atque
480 2356 503 2404 εἰ
529 2359 730 2406 Maximo
746 2357 1014 2423 Philosopho
1031 2356 1361 2421 Praeceptoribus
1377 2386 1390 2408 ,
1405 2355 1591 2402 Ethnieae
1607 2355 1889 2420 superstitioni
1903 2355 2078 2404 addistis
2097 2387 2111 2410 ,
2128 2357 2155 2403 τὶ

338 2428 528 2475 veritatis
544 2426 720 2474 sacrario
738 2428 941 2475 abductus
957 2429 1001 2474 in
1014 2443 1203 2474 errorum
1221 2425 1462 2472 barathrum
1477 2424 1647 2479 decidit,
1663 2441 1934 2489 mortemque
1947 2425 2156 2491 oppetijt,

337 2496 601 2543 documento
617 2497 731 2557 alijs:
772 2498 956 2546 Nullam
972 2496 1049 2544 effe
1061 2495 1312 2560 sapientiam
1325 2494 1481 2559 absque
1495 2511 1592 2542 vera
1606 2497 1759 2559 pietate
1776 2528 1787 2540 .
1819 2496 1921 2543 Eius
1943 2495 2152 2560 praecipue

337 2583 466 2631 opera
493 2579 662 2612 extant:
700 2569 958 2620 Orationes,
989 2564 1198 2618 Caesares,
1228 2563 1299 2610 seu
1315 2567 1531 2611 Caeiarum
1551 2563 1766 2618 Censura,
1795 2563 2153 2630 Misopogonin„

337 2634 648 2683 Antiochenses
674 2652 686 2688 3
720 2653 812 2700 quse
838 2638 987 2681 cuncta
1014 2633 1327 2698 Philosophiae,
1360 2650 1406 2679 ac
1439 2635 1597 2680 Graecae
1625 2634 1880 2697 eloquentiae
1914 2633 2153 2682 luminibus

337 2703 580 2768 perfulgent
611 2736 623 2747 .
658 2705 758 2750 Eius
790 2704 915 2750 facies
943 2720 992 2748 ex
1024 2717 1224 2766 argenteo
1265 2719 1449 2748 nummo
1485 2701 1703 2767 desumpta
1732 2733 1747 2756 ,
1785 2702 1993 2757 militari,
2024 2716 2153 2766 atque

333 2774 616 2836 Imperatorio
646 2775 760 2820 cultu
776 2771 940 2821 renidet
967 2804 978 2815 .
1015 2772 1202 2818 Bellator
1228 2770 1414 2818 strenuus
1431 2770 1917 2835 mundiglobumstante
1929 2773 2118 2820 Victoria
2136 2801 2153 2825 ,

331 2843 458 2888 altera
481 2858 611 2888 manu
628 2857 772 2895 tenet,
792 2840 960 2906 Imperij
978 2840 1138 2907 insigne
1156 2871 1170 2895 ,
1203 2839 1327 2887 rebus
1341 2840 1432 2888 tum
1447 2842 1491 2887 in
1507 2841 1649 2888 Gallia
1673 2871 1687 2894 ,
1715 2848 1756 2888 Sc
1776 2842 2009 2887 Germania
2026 2870 2040 2894 ,
2056 2839 2152 2887 tum

331 2924 477 2958 eontra
501 2910 640 2957 Persas
656 2911 831 2960 feliciter
849 2910 970 2976 gestis
991 2912 1142 2966 ,altera
1161 2910 1261 2957 vero
1275 2910 1495 2975 Clypeum
1511 2926 1608 2957 cum
1627 2912 1746 2974 Lupa
1760 2940 1774 2963 ,
1791 2918 1832 2957 δέ
1847 2911 1983 2976 pueris
1997 2909 2154 2956 laeten-

331 2980 460 3032 tibus,
483 2980 880 3046 Constantinopolis
910 2998 1033 3027 nouae
1052 2984 1208 3028 Romae
1238 2979 1399 3045 infigne
1417 2997 1514 3027 cum
1533 2981 1662 3027 veteri
1681 2980 1797 3028 Vrbe
1813 2996 2050 3026 commune
2064 3012 2075 3023 .
2103 2982 2155 3026 In

329 3049 476 3097 medio
490 3049 658 3098 thorace
676 3052 749 3099 Sol
773 3051 931 3099 radiata
948 3050 1054 3098 facie
1072 3051 1260 3116 appieius
1277 3052 1347 3106 est,
1362 3051 1478 3098 cuius
1496 3049 1686 3115 apprime
1702 3051 1900 3102 Iulianus,
1914 3064 1960 3098 vt
1976 3048 2154 3115 ipsemet

2040 3137 2085 3166 in
