2336 3700
471 328 509 366 2

380 421 591 472 leonardi
621 420 848 487 Augustini
883 418 1025 467 Romi
1056 415 1291 480 Neapolim
1321 414 1563 462 transsatum
1595 414 1652 464 est
1676 417 1728 462 ad
1748 414 2035 462 exornandam
2053 416 2202 464 inlitu*

379 494 607 540 ‹stillim-iam
625 490 934 539 Bibliothecam
955 487 1209 539 Clarissimi,
1224 502 1271 533 ac
1286 485 1537 532 Dofflffimi
1553 486 1642 531 Viri
1659 483 1829 548 Iosephi
1845 483 2026 533 Valletta
2039 516 2049 528 .
2064 487 2202 531 Tanta

381 564 484 609 vero
513 561 685 609 fuerunt
714 560 942 606 hominum
972 557 1104 603 studia
1138 572 1234 618 erga
1260 554 1551 619 Apollonium
1581 552 1826 599 diuinarum
1852 569 1990 601 rerum
2008 570 2201 601 arcanam

381 630 598 697 quandam
629 630 877 693 sapientiam
904 627 1138 674 simulantis
1159 655 1172 679 ,
1206 639 1252 670 vt
1268 626 1355 670 eius
1372 623 1605 687 imagines,
1634 631 1678 669 esc
1707 621 1855 669 statuas
1872 637 2076 685 tanquam
2096 622 2203 669 salu-

380 703 478 748 taris
496 702 684 747 numinis
699 699 911 753 colerent,
929 711 974 744 vt
991 696 1043 742 de
1059 692 1307 742 Alexandro
1322 695 1479 740 Seuero
1495 721 1508 746 ,
1520 700 1564 738 ὅ(
1579 692 1831 746 Aureliano,
1848 691 2022 756 aliisque
2038 710 2201 738 mento-

383 774 449 819 n'ae
477 769 698 835 proditum
727 767 806 814 est.

800 911 1210 976 LVCIVS
1271 908 1864 974 APVLEIVS.

385 1052 681 1188 LVCIVS
719 1118 1011 1165 APVLEIVS
1050 1114 1224 1180 insignis
1244 1114 1490 1161 Platonicus
1511 1111 1644 1178 patria
1671 1108 1750 1157 fuit
1779 1105 1987 1158 Madaura
2011 1139 2025 1163 ‚
2065 1104 2205 1153 nobili

384 1197 692 1239 Romanorum
718 1183 907 1234 Colonia
936 1187 1045 1231 inter
1085 1183 1347 1232 Numidiam
1366 1213 1381 1238 ,
1418 1191 1460 1230 ὅ(
1489 1184 1734 1231 Getuliam.
1767 1179 2026 1243 Carthagine
2062 1179 2176 1242 prius
2194 1204 2210 1225 ,

384 1278 491 1308 mox
509 1258 693 1305 Athenis
723 1253 1032 1319 Philosophia,
1061 1251 1377 1317 disciplinisque
1404 1253 1581 1318 optimis
1607 1250 1795 1297 imbutus
1812 1278 1827 1302 ‚
1853 1250 2011 1295 Romae
2037 1245 2210 1292 tandem

386 1330 659 1393 eloquentia,
682 1343 729 1373 ac
745 1325 978 1388 omnigena
990 1321 1229 1369 eruditione
1257 1321 1337 1368 sub
1354 1322 1542 1368 Traiano
1557 1351 1572 1375 ‚
1603 1318 1674 1366 seu
1690 1316 1911 1365 Hadriano
1932 1317 2101 1362 claruit.
2140 1315 2211 1358 In-

384 1413 448 1446 ter
474 1400 562 1443 eius
578 1396 786 1461 praecipua
801 1409 928 1457 opera
942 1405 1126 1457 quatuor
1137 1405 1281 1438 extant
1298 1390 1568 1438 Floridorum
1585 1389 1679 1435 libri
1697 1418 1710 1441 ,
1726 1403 1773 1433 ac
1791 1385 2214 1450 Metamorphosecon

384 1465 510 1516 Asini
534 1466 667 1511 Aurei
695 1494 710 1519 ‚
745 1464 926 1511 Lucium
962 1461 1263 1515 palmirensem,
1300 1476 1347 1506 ac
1371 1461 1607 1507 Lucianum
1643 1453 1980 1505 Samosatensem
2025 1457 2214 1507 imitatus

386 1537 500 1602 stylo
529 1549 697 1582 amaeno
722 1564 738 1587 ‚
772 1549 820 1579 ac
848 1531 1004 1578 florum
1031 1531 1230 1577 varietate
1263 1530 1474 1594 eleganti3
1507 1528 1706 1593 quamuis
1738 1524 1949 1589 aliquibus
1978 1524 2216 1577 barbariem

385 1606 529 1670 sapere
563 1601 797 1667 aliquando
826 1601 1019 1649 videatur
1037 1633 1047 1642 .
1095 1601 1254 1663 Magire
1281 1600 1458 1644 nomine
1472 1595 1681 1645 accusatus
1698 1593 1893 1641 aduersus
1909 1595 2216 1644 calumniantes

385 1672 734 1738 eloquentiffime
762 1668 972 1723 difl‘eruit,
1001 1667 1128 1732 seque
1145 1667 1337 1715 defendit
1352 1700 1364 1711 .
1403 1664 1653 1715 Succulenta
1675 1665 1756 1713 fuit
1770 1665 2041 1728 proceritate,
2059 1668 2217 1732 capillo

385 1740 622 1810 promisso,
654 1759 702 1789 ac
719 1739 927 1806 speciosus
945 1736 1115 1792 formai,
1145 1752 1193 1784 vt
1223 1740 1268 1783 in
1293 1736 1513 1802 Apologia
1541 1735 1594 1782 de
1612 1735 1654 1782 se
1669 1733 1760 1799 ipso
1779 1763 1794 1788 ,
1817 1741 1860 1781 ὅ(
1898 1733 2037 1798 qualis
2065 1736 2109 1782 in
2139 1737 2217 1782 hac

389 1814 578 1879 imagine
603 1825 777 1877 apparet
802 1842 814 1856 .
868 1807 1112 1872 Desumpta
1140 1806 1197 1855 est
1225 1825 1274 1853 ex
1303 1823 1413 1852 aereo
1438 1803 1693 1853 numismate
1726 1804 1920 1849 maximo
1939 1804 2218 1858 Contornato,

385 1883 524 1942 Fuluii
555 1880 694 1929 Vrsini
726 1910 741 1933 ,
779 1881 847 1925 cui
875 1877 1021 1924 similis
1051 1877 1157 1923 alius
1186 1877 1230 1921 in
1255 1873 1450 1923 thesauro
1478 1873 1701 1922 Christinae
1731 1873 1908 1936 Reginae
1938 1870 2178 1921 adstruatur
2205 1905 2220 1920 0

386 1955 513 1998 Extat
530 1948 659 1995 etiam
678 1947 848 2010 Apuleij
879 1962 1142 1993 marmoreus
1158 1949 1321 1991 Herma
1334 1945 1469 2008 capite
1486 1942 1729 1992 diademato
1743 1971 1758 1994 ,
1778 1943 1852 2004 qui
1879 1957 1931 1986 ex
1948 1941 2214 1990 Bibliotheca

386 2019 566 2066 Camilli
596 2017 784 2064 Maximi
807 2013 1046 2060 Cardinalis
1079 2029 1178 2060 cum
1205 2013 1297 2072 alijs
1327 2012 1556 2059 Illustrium
1573 2009 1934 2073 Philosophorum
1953 2011 2219 2067 Herniis‚li-

387 2088 583 2136 mulacris
600 2117 614 2141 ,
641 2100 769 2150 atque
794 2083 968 2131 eruditis
997 2081 1283 2129 marmoribus
1303 2081 1473 2128 acceffit
1509 2079 1724 2127 ditiffimae
1742 2110 1755 2133 ,
1783 2095 1830 2124 ac
1863 2081 1986 2126 omni
2012 2082 2218 2146 antiquo,

387 2158 630 2221 recentique
664 2157 800 2201 nitore
829 2152 1009 2217 fulgenti
1035 2150 1283 2214 supellectili
1316 2149 1668 2197 Excellentiffimi
1710 2148 1897 2194 Domini
1929 2148 2131 2213 Casparis
2165 2151 2220 2197 de

387 2233 509 2274 Haro
536 2256 550 2274 ,
590 2234 634 2272 δε
663 2222 863 2271 Gusman
893 2220 1124 2269 Catholicae
1154 2219 1385 2267 Maiestatis
1410 2219 1522 2283 apud
1558 2219 1857 2264 Innocentium
1886 2220 1962 2263 XI.
1994 2221 2218 2273 OratoriS,

388 2313 502 2344 nunc
528 2293 809 2358 Neapolitani
840 2292 983 2357 Regni
1011 2290 1237 2354 Protegis>
1265 2291 1382 2334 cuius
1413 2288 1597 2335 studium
1627 2318 1641 2341 a
1680 2304 1727 2333 ac
1760 2285 2098 2334 munificentiam
2140 2290 2217 2335 in„

388 2368 558 2413 cunctas
577 2363 708 2410 bonas
726 2376 857 2417 artes,
883 2375 1012 2425 atque
1025 2357 1337 2406 humanitatem
1367 2355 1575 2422 insignem
1593 2357 1745 2403 mirata
1762 2356 1819 2402 cst
1838 2359 1983 2403 Roma
1997 2387 2010 2409 ,
2042 2362 2217 2404 miratur

390 2434 604 2497 Neapolis
621 2462 634 2485 ,
655 2430 762 2478 dum
785 2431 1015 2496 tranquilla
1039 2427 1218 2481 iustitia,
1245 2445 1291 2474 ac
1318 2428 1470 2491 pietate
1496 2427 1674 2492 publicae
1698 2425 1888 2472 felicitati
1905 2426 2046 2491 praeest
2064 2444 2074 2472 :
2091 2445 2218 2493 quare

395 2504 600 2552 omnium
627 2516 716 2549 vno
745 2518 844 2555 ore,
883 2514 1012 2566 atque
1037 2514 1183 2545 amore
1213 2495 1448 2545 celebratur
1473 2528 1484 2540 .

898 2683 1718 2754 ARCHYTAS.

532 2862 818 2910 RCHYTAS
849 2857 1262 2909 TARENTINVS
1301 2851 1554 2919 Pythagorae
1567 2849 1793 2916 discipulus
1807 2849 2226 2907 Geometri5‚Astro-

387 2935 531 3001 logia,
559 2948 686 2997 atque
703 2931 966 2980 Mechanicis
994 2927 1154 2975 artibus
1184 2925 1376 2972 inclaruit
1403 2941 1414 2968 :
1450 2937 1542 2969 tum
1569 2923 1697 2968 etiam
1715 2920 1828 2986 apud
1845 2920 1942 2967 suos
1959 2922 2070 2968 ciues
2097 2923 2222 2972 domi

388 3005 607 3069 forisque,
639 3001 815 3066 puhlicis
849 2998 1090 3062 bellicisque
1120 2996 1242 3044 rebus
1269 2991 1608 3040 administrandis
1637 3004 1799 3037 tantam
1824 2990 1994 3039 laudem
2010 2991 2084 3039 fibi
2101 3011 2220 3041 com-

387 3077 579 3140 parauit,
604 3087 649 3119 vt
669 3073 867 3120 exercitus
886 3074 1121 3135 Imperator
1150 3066 1310 3118 faetus,
1332 3078 1556 3128 nunquam
1586 3062 1720 3111 vietus
1750 3059 1924 3110 euaserit
1949 3093 1961 3106 .
1994 3064 2109 3109 Inter
2134 3066 2222 3114 eius

1984 3131 2153 3179 mecha-
